3834 5492
801 1109 1104 1192 ADDENDA.
1193 1112 1195 1115 ’

938 1357 964 1422 Ι.

717 1496 774 1556 ΑΒ
796 1443 918 1557 VERG.
938 1496 1022 1558 EGL.
1043 1496 1097 1558 1v.
1117 1498 1181 1557 47.l

434 1659 600 1742 Vergilius
634 1659 672 1722 in
704 1658 918 1722 celeberrima
952 1659 1074 1741 ecloga
1109 1679 1181 1741 quae
1213 1658 1251 1722 in
1278 1657 1511 1722 Bucolicorum

390 1773 517 1857 sylloge
541 1779 696 1857 quartum
719 1774 830 1838 locum
855 1767 994 1851 obtinet,
1024 1774 1236 1838 oraculorum
1269 1763 1510 1857 Sibyllinorum

389 1889 584 1953 testimonio
611 1909 692 1952 usus
726 1889 885 1953 ultimum
916 1909 1069 1954 mensam
1101 1889 1171 1954 sive
1203 1885 1511 1975 saecnumamepm‘

390 2002 476 2068 aaut
499 2003 614 2067 adesse
638 2003 729 2066 canit
753 1997 788 2067 et
808 2023 885 2066 mox
908 2003 1056 2086 primum
1079 2000 1229 2068 mensem
1257 2005 1335 2068 novi
1361 2005 1450 2079 anni,
1474 2001 1511 2067 id

390 2124 441 2184 est
474 2139 614 2202 regnum
650 2119 786 2184 Saturni
820 2119 1007 2184 rediturum
1039 2120 1251 2184 vaticinatur.
1278 2113 1428 2195 Deinde,
1472 2122 1512 2182 ut

390 2207 480 2298 iluna
513 2231 709 2298 saeculorum
742 2234 893 2298 ordinem
925 2234 1131 2298 immutabili
1165 2236 1312 2298 fatorum
1345 2238 1511 2317 potestate

389 2351 611 2415 eonst‘tutum
645 2343 717 2414 esse
752 2349 968 2428 demonstret,
1001 2351 1131 2427 Parcas,
1166 2351 1244 2415 deas
1263 2351 1347 2427 rati,
1381 2349 1511 2414 inducit

389 2470 546 2530 canentes
569 2486 633 2531 ves.
657 2467 809 2531 46-47':
899 2481 901 2488 ’

554 2624 659 2685 «Talia
680 2627 799 2698 saeola»,
820 2626 1060 2697 suisdixerunt
1087 2628 1247 2696 contritos,
1268 2625 1344 2685 fusis
1457 2693 1462 2699 ⁴

552 2732 726 2793 Concordes
748 2731 852 2792 stabili
873 2732 1008 2792 fatorum
1030 2733 1164 2792 numine
1185 2731 1320 2792 Parca·

432 2927 545 2992 Primo
569 2949 667 2992 versu
695 2927 779 2994 talia
808 2928 910 2995 saeolu
943 2929 1150 2993 accusativus
1184 2933 1243 3003 est,
1278 2926 1367 3013 susis
1399 2931 1512 2989 autem

390 3042 531 3119 dativus,
568 3049 705 3126 totaque
738 3045 906 3108 sententia
938 3045 988 3108 ita
1020 3048 1071 3108 est
1102 3040 1372 3125 interpretanda:
1400 3041 1510 3105 Parcae

389 3164 617 3240 praeceperunt
650 3159 719 3222 suis
752 3160 853 3224 fusis:
893 3158 938 3224 «0
963 3161 1038 3236 fusi,
1070 3159 1153 3223 talia
1176 3159 1274 3221 saecla
1295 3157 1508 3239 percurrite»,

389 3274 425 3339 id
448 3279 515 3338 est:
540 3277 721 3357 percurrite
745 3297 905 3360 magnum
928 3275 1047 3341 mundi
1071 3295 1199 3339 annum
1222 3295 1242 3337 a
1264 3274 1372 3356 primo
1388 3272 1509 3336 saeculo

390 3390 459 3454 siva
481 3410 606 3467 mense,
631 3410 777 3474 arogno
802 3389 938 3456 Saturni
961 3411 1066 3474 usque
1090 3389 1134 3453 ad
1159 3390 1317 3453 ultimum
1348 3387 1508 3462 mensem,

389 3525 529 3588 regnum
551 3504 727 3587 Apollinis,
753 3507 872 3572 deinde
895 3507 1042 3571 reducite
1075 3508 1198 3572 iterum
1229 3507 1376 3589 primum
1409 3524 1509 3568 saecu·

388 3621 459 3684 lum
484 3621 552 3684 sive
575 3641 735 3699 mensem,
762 3641 897 3686 auream
921 3620 1059 3687 Saturni
1083 3627 1224 3686 aetatem.
1251 3619 1347 3699 Quod
1370 3619 1412 3683 ad
1428 3619 1508 3682 alte·

389 3754 463 3802 rum
495 3757 628 3801 versum
661 3738 794 3816 attinet,
824 3739 861 3802 in
893 3743 1013 3820 quarta
1044 3735 1225 3823 Forbiperi
1255 3731 1425 3800 editione²
1447 3735 1510 3798 has

389 3850 625 3916 adnotationes
648 3854 807 3936 legimus:

433 4091 487 4142 ¹E
518 4093 597 4143 tomo
628 4089 718 4144 XXV.
748 4079 945 4158 ephemeridis
976 4090 1187 4158 Hungarorum
1216 4088 1409 4158 philologicos,
1446 4100 1510 4154 quas

389 4175 555 4245 quetemas
575 4175 749 4244 Philolopiai
770 4174 896 4244 Kdzldny
915 4176 1093 4230 inscribitur.

432 4265 443 4298 ²
467 4264 584 4332 Verpilii
604 4264 733 4318 Maronia
756 4263 859 4335 Opera.
879 4265 923 4319 Ad
942 4266 1123 4334 optimorum
1142 4265 1284 4318 librorum
1302 4262 1390 4317 fidem
1409 4263 1507 4328 edidit,

388 4358 576 4423 perpetuast
596 4354 720 4406 aliorum
739 4356 768 4406 et
788 4370 841 4407 sua
860 4354 1048 4407 adnotatione
1067 4353 1224 4406 illustravit
1248 4351 1381 4406 Alterius
1402 4350 1506 4405 Forti-

389 4458 449 4509 ριν.
468 4442 565 4496 Editio
584 4445 697 4510 quarta.
715 4442 832 4511 Lipsiae,
851 4442 1100 4496 MDGOGLXXII.
