3834 5492
768 687 810 740 AI)
828 696 1066 744 PANEGYRIGUM.

521 870 678 946 Aspiciam
699 859 811 929 nullos¹
824 870 979 929 hodierna
997 859 1064 930 luce
1085 871 1224 931 dolentes

560 974 601 1034 Et
622 975 720 1035 Niobe
741 976 885 1035 lacrimas
908 977 1084 1052 supprimat
1103 979 1170 1053 ipse
1190 977 1278 1053 lapis.

521 1084 693 1164 Alcyonum
713 1083 823 1160 positis
844 1086 1041 1161 requiescant
1061 1105 1115 1144 ora
1137 1087 1278 1162 querelis,

560 1192 702 1267 Increpet
722 1191 921 1268 absumptum
942 1211 999 1250 nec
1021 1211 1077 1251 sua
1096 1196 1197 1253 mater
1216 1195 1296 1272 Ityn.

361 1382 485 1472 Auctor
506 1380 700 1466 Panegyrici
724 1381 766 1448 in
790 1379 856 1444 fine
890 1380 1123 1465 descriptionis
1155 1384 1193 1444 ut
1224 1382 1350 1446 bonum
1383 1401 1482 1466 cmsu

363 1500 602 1560 commemorat
628 1499 820 1562 133-134:

1035 1585 1157 1646 additus
1179 1587 1241 1645 aris

524 1692 639 1752 Laetior
661 1694 759 1752 eluxit
782 1695 912 1754 structos
935 1713 1026 1771 super
1046 1696 1128 1768 ignis
1149 1693 1291 1764 acerv'ds3
1353 1699 1358 1708 ⁴

363 1898 454 1962 idem
479 1899 559 1964 dicit
582 1899 677 1983 Prop.
702 1901 761 1965 ΙΠ.
785 1903 836 1979 10,
864 1903 1012 1968 19-902

524 2069 601 2128 Inde
623 2071 788 2128 coronatas
808 2067 862 2127 ubi
882 2072 950 2128 ture
966 2025 1100 2146 piaveris
1121 2089 1200 2139 uras,

564 2178 693 2236 Luserit
714 2179 744 2235 et
766 2179 831 2235 tota
852 2175 980 2236 flamma
1001 2178 1138 2237 secunda
1158 2177 1260 2261 domo.

408 2381 462 2444 VI.
489 2377 682 2445 Similitudo
707 2383 807 2446 sortis
830 2383 1003 2466 utriusque
1019 2387 1134 2464 poetae.
1152 2381 1275 2444 Auctor
1289 2377 1484 2460 Panegyrici

365 2497 515 2579 queritur
538 2517 572 2561 se
601 2496 737 2562 domum
763 2497 976 2579 magnificam
999 2488 1043 2542 '-
1065 2497 1291 2562 verisimiliter
1314 2495 1351 2559 in
1373 2493 1482 2559 distri·

366 2613 503 2677 butione
528 2631 682 2694 agrorum
706 2613 795 2677 inter
817 2617 995 2678 veteranos
1019 2624 1046 2676 a
1071 2614 1124 2677 41.
1143 2632 1171 2676 a.
1190 2610 1264 2675 Chr.
1281 2632 1314 2675 n.
1340 2611 1427 2675 facta
1441 2646 1486 2655 —

367 2729 519 2794 amisisse
542 2748 590 2792 vs.
618 2729 689 2793 183.
712 2733 744 2792 ct
770 2729 851 2794 188:
881 2729 984 2794 «Nam
1007 2729 1102 2802 mihi,
1126 2748 1202 2790 cum
1218 2727 1350 2808 magnis
1365 2726 1486 2809 opibus

367 2845 486 2910 domus
511 2844 579 2908 alta
602 2844 803 2909 niteret...
829 2845 925 2909 Nunc·
947 2844 1150 2908 desiderium
1167 2845 1360 2925 superestr3
1385 2842 1486 2906 etiam

365 2959 557 3042 Propertius
580 2958 725 3042 perdidit
747 2997 792 3005 —
816 2959 933 3025 codem
957 2961 1056 3027 modo
1080 2998 1124 3004 —
1147 2960 1285 3023 domum
1299 2961 1484 3040 paternam,

366 3079 405 3139 ut
426 3075 480 3140 IV.
509 3077 536 3140 1.
564 3076 748 3141 1a7-128.
774 3073 949 3140 docemur:
983 3074 1148 3158 «Ossaque
1180 3076 1293 3156 legisti
1324 3095 1394 3140 nou
1425 3075 1486 3138 illc

367 3195 462 3254 aetate
486 3191 627 3274 legenda
649 3190 757 3255 Patris
781 3192 873 3254 etin
896 3193 1014 3257 tcrcucs
1038 3192 1164 3273 cogeris
1186 3191 1259 3273 ipse
1285 3190 1393 3255 lares»
1417 3189 1438 3253 i
1457 3210 1484 3254 e.

367 3329 384 3372 c
408 3307 508 3373 domo
531 3327 654 3390 magna
678 3308 713 3371 in
731 3306 868 3371 domum
883 3328 1040 3390 parvam3
1066 3307 1148 3372 adde
1165 3308 1260 3388 Prop.
1277 3306 1333 3371 IV.
1353 3308 1379 3383 1,
1403 3307 1485 3371 132:

371 3421 512 3490 «Matris
542 3427 575 3486 et
606 3427 685 3490 crite
718 3421 798 3489 deos
831 3423 938 3488 libera
970 3429 1105 3507 sumpta
1131 3429 1242 3506 toga»,
1266 3422 1355 3486 unde
1378 3423 1488 3486 elucet

368 3540 506 3603 eumin
529 3537 627 3603 domo
651 3540 769 3604 matris
792 3541 925 3606 virilem
947 3544 1062 3622 togam
1085 3540 1278 3621 sumpsisse,
1296 3538 1385 3620 quod
1399 3534 1487 3602 certe¹

367 3675 437 3720 non
470 3653 611 3731 lecisset,
651 3654 718 3718 nisi
756 3658 933 3739 paternam
973 3656 1109 3719 domum
1148 3654 1324 3719 amisisset.
1363 3654 1489 3718 Auctor

368 3769 564 3852 Panegyrici
588 3770 690 3834 etiam
715 3765 812 3852 agros
836 3791 915 3836 suos
937 3769 1092 3853 perdidit,
1117 3789 1200 3852 quos
1216 3790 1279 3835 vss.
1301 3768 1484 3835 184-188.

368 3887 415 3949 ita
439 3882 556 3950 defiet:
1121 3879 1125 3884 ’

531 4041 587 4102 Cui
608 4041 731 4101 fucrant
751 4041 823 4104 flavi
844 4043 979 4104 ditantes
1001 4044 1110 4104 ordine
1132 4042 1207 4101 sulci

529 4151 651 4209 Horrea
672 4150 822 4210 fecundas
844 4153 884 4212 ad
906 4152 1081 4212 deficientia
1101 4149 1221 4218 messis,

530 4256 647 4335 Cuique
667 4277 761 4334 pecus
784 4258 880 4318 denso
901 4259 1069 4335 pascebant
1090 4259 1213 4333 agmine
1235 4247 1328 4317 eolles

528 4365 569 4424 Et
590 4364 717 4424 domino
740 4368 816 4425 sctis
838 4369 868 4425 et
889 4367 1023 4425 nimium
1044 4365 1164 4441 furique
1184 4367 1337 4440 lupoque:

491 4483 504 4518 ,·
531 4473 620 4532 Nunc
641 4473 830 4533 desiderium
852 4460 1001 4549 superest.
