3834 5492
797 1476 1135 1562 PRAEFATIO.
1256 1566 1257 1569 Ν
1319 1500 1322 1503 ·

414 1820 435 1866 .·
449 1802 568 1889 Anno
593 1803 779 1897 praeterito
806 1800 906 1877 edidi
929 1801 1105 1891 librum*
1131 1804 1196 1877 ubi
1221 1830 1320 1879 novo
1337 1829 1525 1880 commen-

407 1933 503 2017 tario
537 1934 724 2028 exegetioo
758 1934 920 2009 instruxi
949 1934 1098 2029 elegias,
1125 1960 1208 2031 quae
1234 1936 1274 2011 in
1300 1938 1440 2033 sylloge
1467 1940 1524 2011 Ti-

406 2068 501 2141 bulli
533 2068 687 2143 nomine
721 2068 902 2164 insignita
936 2069 1016 2142 iure
1046 2068 1264 2143 tribuuntur
1287 2076 1408 2165 poetae
1433 2095 1524 2166 prae-

407 2200 639 2293 stantissimo
667 2202 704 2292 (i.
724 2227 755 2277 e.
774 2204 813 2278 ll.
832 2203 862 2278 I.
881 2208 918 2278 et
935 2203 997 2292 Π.,
1025 2204 1049 2277 l.
1068 2202 1128 2277 IV.
1158 2203 1523 2295 e-6.·et13-14.)‚

407 2333 596 2429 adieaique
623 2334 797 2431 Sulpiciae
824 2336 980 2431 elegidia
1007 2336 1046 2428 (l.
1073 2337 1136 2413 IV.
1155 2336 1315 2428 7—1a)‚
1343 2338 1423 2411 sine
1445 2340 1524 2433 qui·

406 2468 476 2546 bus
509 2468 646 2542 Tibulli
672 2470 838 2543 carmina
863 2469 908 2543 de
934 2493 1059 2544 amore
1091 2470 1265 2565 Sulpioiae
1292 2476 1329 2544 et
1357 2470 1526 2545 Cerinthi

408 2602 544 2697 scripta
581 2602 619 2694 (l.
651 2604 714 2678 IV.
751 2604 874 2694 l—b.)
909 2629 989 2678 non
1022 2602 1183 2699 possunt
1216 2609 1315 2679 recte
1347 2604 1523 2699 intellegi.

407 2738 517 2823 Nunc
551 2742 688 2828 autem,
723 2743 767 2811 ut
800 2738 840 2811 in
870 2737 1088 2832 praefatione
1115 2737 1290 2813 editionis
1315 2726 1417 2812 illius
1442 2763 1525 2833 pro·

406 2871 590 2963 misimus,
624 2872 806 2967 Lygdami
841 2872 978 2966 elegias
1014 2871 1053 2963 (l.
1079 2869 1165 2960 IH.)
1200 2895 1275 2944 una
1301 2896 1388 2945 oum
1413 2896 1524 2967 pane·
1560 2942 1561 2947 ,

322 2981 326 2986 ,
376 3007 382 3016 '
405 3005 531 3101 gyrieo
549 3006 735 3081 Messallae
755 3002 876 3097 (LIV.
899 3003 946 3094 1.)
965 3004 1143 3107 peculiari
1164 3009 1368 3079 tractamus
1386 3006 1522 3080 libelle.

416 3169 419 3175 ·
453 3139 501 3212 ln
526 3140 653 3234 elegiis
679 3140 861 3235 Lygdami
880 3138 1176 3234 interpretandis
1192 3138 1232 3211 id
1248 3138 1344 3211 mihi
1363 3139 1523 3214 maxime

405 3273 476 3345 fuit
501 3272 747 3367 propositum,
774 3278 818 3346 ut
841 3273 883 3345 in
908 3272 1189 3361 commentario,
1212 3270 1302 3366 quid
1319 3276 1429 3365 poeta
1446 3297 1522 3345 ma·

405 3405 530 3500 gistris
557 3406 645 3495 suis,
675 3406 861 3501 praecipue
894 3406 1042 3479 Tibullo
1078 3410 1115 3479 et
1148 3406 1354 3499 Propertio,
1389 3404 1524 3480 deinde

408 3539 567 3629 Catulle,
602 3540 765 3635 Vergilio
800 3544 836 3613 et
869 3540 1028 3613 Horatio
1060 3540 1220 3628 deberet,
1248 3539 1524 3613 accuratissime

407 3697 631 3768 exponerem
663 3672 1066 3768 necessitudinemque,
1105 3697 1188 3767 quae
1226 3674 1325 3746 inter
1363 3698 1449 3746 eum
1488 3679 1525 3746 et

408 3806 584 3881 Ovidium
620 3806 828 3896 intercedit,
868 3807 1095 3903 diligentius,
1135 3831 1248 3903 quam
1290 3806 1364 3879 huo
1407 3831 1524 3901 usque

405 3943 547 4016 factum
585 3946 653 4031 est,
692 3940 895 4015 definirem.
938 3940 986 4014 In
1024 3940 1341 4033 adnotationibus,
1381 3941 1524 4035 opinor,

408 4075 498 4150 satis
530 4074 741 4149 luculenter
774 4073 1028 4148 demonstravi
1062 4074 1237 4150 Ovidium
1262 4074 1376 4147 fuisse
1402 4073 1524 4146 imita·

453 4302 564 4356 *Attii
586 4302 690 4355 Tibulli
708 4302 854 4356 earmina.
873 4300 1020 4355 Accedunt
1040 4301 1174 4371 Sulpicia
1193 4303 1325 4370 elegidia.
1350 4301 1458 4365 Edidit,
1478 4303 1524 4354 ad-

406 4401 592 4475 notatonibus
612 4401 764 4470 exegeticis
783 4404 811 4454 et
839 4401 947 4452 criticis
974 4400 1112 4453 instruxit
1142 4398 1234 4468 Geyzu
1264 4398 1411 4469 lt'e'metby.
1432 4398 1524 4451 Buda-

407 4499 526 4571 pestini,
545 4500 709 4569 sumptibus
730 4499 890 4553 Academiae
909 4499 1088 4551 Litterarum
1108 4497 1291 4566 Hungarica,
1314 4498 1389 4549 1905.
