3834 5492
409 695 444 748 36
747 716 788 757 an
806 716 901 759 aran.
923 714 1015 759 rmus.
1036 716 1059 758 1.
1080 712 1192 759 re—ea

409 893 450 957 cf.
475 892 545 956 Tib.
568 892 593 956 1.
620 894 650 969 5,
676 894 780 956 7-8:
821 891 937 955 «Parce
962 895 1086 967 tamen,
1111 913 1171 974 per
1193 896 1226 956 te
1259 892 1372 957 furtivi
1408 893 1532 985 foedera

410 1007 488 1076 lecti
504 1057 511 1072 .
530 1056 538 1071 .
556 1056 564 1070 .
582 1026 712 1088 quaesor
733 1012 764 1069 et
777 1006 833 1070 IV.
846 1007 877 1084 5,
896 1006 1001 1069 7-8:
1031 1026 1108 1088 «per
1123 1012 1156 1071 te
1173 1005 1365 1071 dulcissima
1378 1009 1466 1072 furta
1477 1057 1486 1073 .
1498 1058 1507 1073 .
1521 1057 1532 1095 ·.

410 1142 523 1204 rogor.
549 1158 591 1167 -
615 1126 770 1187 auctores
791 1121 893 1187 baias
917 1120 1004 1187 mihi
1028 1122 1205 1203 aaronitae,
1228 1121 1342 1199 Musa,
1361 1144 1433 1205 quae
1448 1124 1530 1189 mibi

412 1239 575 1315 suasistis,
592 1243 630 1301 ut
644 1258 760 1302 versus
775 1257 869 1301 meos
885 1238 948 1302 hoc
966 1238 1113 1301 carmine
1129 1238 1251 1303 Neaerae
1276 1238 1471 1303 dedicarem.
1488 1276 1532 1311 -r

414 1356 619 1420 auctores..
641 1354 845 1430 wormiam,
868 1358 907 1417 ut
930 1353 1001 1417 Tib.
1024 1354 1067 1418 H.
1084 1355 1116 1431 l,
1144 1353 1201 1417 13:
1227 1354 1403 1419 «carminis
1419 1358 1533 1419 auctor

412 1470 566 1553 Apollo».-
590 1504 633 1515 -—
658 1466 916 1553 Castaliamque
931 1470 1095 1535 ambram
1109 1466 1308 1554 Pieriosque
1325 1470 1432 1551 lacae,
1448 1471 1530 1557 Lyg-

413 1586 503 1651 dami
525 1586 637 1650 locum
661 1589 738 1650 ante
763 1586 876 1649 oculos
905 1585 1061 1650 habuisse
1093 1584 1224 1649 videtur
1255 1586 1389 1669 ignotus
1419 1590 1533 1653 auctor

413 1677 536 1767 Culicis
559 1722 624 1765 ves.
654 1703 800 1765 15-·18:
829 1722 913 1783 aqua
934 1702 1095 1766 Parnasia
1118 1722 1218 1783 rupes
1234 1701 1322 1765 Hinc
1339 1708 1438 1785 atquc
1455 1704 1533 1767 hinc

413 1819 529 1901 patula
544 1818 731 1901 praepandit
746 1838 871 1882 cornua
887 1820 996 1881 fronte
1015 1814 1254 1901 Castaliceqaae
1271 1838 1395 1883 sonans
1408 1819 1533 1903 liquido

413 1933 496 2018 pede
519 1934 643 1997 labitur
666 1932 767 1997 unda.
801 1934 918 2013 Quare,
946 1932 1051 1999 Pierii
1076 1934 1188 1999 laticis
1220 1935 1331 2013 decus,
1365 1937 1411 1999 ite
1426 1986 1429 1991 .
1443 1956 1533 2001 eoro-

415 2070 499 2113 res».
523 2085 567 2093 —
593 2046 847 2132 Castaliamque
870 2048 1042 2129 ‘timbrona
1059 2069 1179 2113 nemus
1195 2050 1232 2114 in
1247 2054 1360 2115 monte
1377 2051 1532 2131 Parnaso,

414 2165 473 2229 ubi
497 2169 567 2228 erat
590 2166 666 2229 fons
689 2164 854 2229 Castalius
876 2164 1025 2247 Apollini
1051 2184 1151 2229 sacer.
1176 2164 1279 2229 Poeta
1301 2167 1463 2248 respicere
1486 2168 1533 2230 vi·

415 2282 511 2347 detur
545 2281 642 2362 Prop.
674 2280 733 2344 ΠΙ.
771 2280 800 2356 3,
841 2281 899 2343 13:
940 2275 1105 2343 «Castalia
1140 2281 1315 2362 speculans
1349 2302 1387 2344 ex
1419 2282 1534 2351 arbore

415 2397 600 2473 Phoebus»;
625 2399 666 2461 cl.
692 2397 793 2461 etiam
818 2396 930 2462 Senec.
957 2395 1035 2461 Oed.
1063 2397 1143 2462 280:
1175 2398 1389 2463 «Frondifera
1414 2402 1534 2464 sanctae

416 2534 554 2579 nemora
577 2513 760 2579 Castalia».
785 2550 829 2560 —
853 2512 1052 2601 Herioeqae
1085 2514 1192 2593 lacae,
1225 2516 1335 2579 fontes
1366 2516 1534 2603 Pieridum
1573 2590 1576 2595 ,

416 2632 467 2709 (ci
501 2632 576 2695 adn.
611 2650 712 2713 supra
740 2629 781 2693 ad
803 2650 851 2693 vs.
876 2631 920 2708 5.)
944 2630 965 2694 i.
992 2650 1018 2694 e.
1044 2628 1227 2703 Musarum,
1253 2652 1281 2695 e.
1305 2651 1334 2713 g.
1361 2632 1534 2716 Aganippe

418 2753 451 2811 et
473 2748 686 2831 Hippocrene
710 2747 747 2809 in
769 2749 886 2809 monte
908 2746 1072 2810 Helicone
1084 2769 1092 2823 ;
1117 2747 1156 2811 cf.
1181 2746 1263 2812 Hor.
1290 2745 1396 2813 Carm.
1422 2748 1481 2813 HI.
1503 2749 1534 2823 4,

418 2866 478 2929 40:
509 2863 636 2926 «Pierio
661 2866 775 2927 antro»
803 2863 824 2925 i.
851 2882 877 2926 e.
905 2866 1002 2926 antro
1026 2860 1208 2927 Musarum.
1234 2900 1278 2909 —
1294 2863 1400 2941 lacae,
1417 2865 1535 2939 fontes,

418 2985 456 3044 ut
479 2979 575 3060 Prop.
611 2977 670 3042 ΠΙ.
695 2978 725 3054 3,
753 2977 892 3042 31-ea.
918 2977 959 3040 de
983 2977 1206 3059 Hippocrene,
1231 2979 1322 3042 fonte
1345 2978 1537 3044 Musarum:

424 3096 603 3161 «columba
627 3095 773 3178 Tingunt
797 3092 974 3176 Gorgoneo
997 3093 1121 3175 punica
1143 3097 1252 3157 rostra
1274 3096 1379 3159 lacu».
1416 3132 1460 3140 —
1490 3092 1538 3162 Ite

419 3211 572 3292 domarat,
595 3230 638 3275 sc.
663 3211 700 3273 in
724 3208 859 3273 domum
883 3210 1023 3286 Neaeres;
1049 3209 1161 3273 minus
1178 3215 1328 3274 accurate
1345 3208 1478 3274 dictum.
1494 3246 1538 3255 -

420 3327 551 3393 cattam
572 3378 604 3391 ..
627 3325 818 3404 ‚libellaria
841 3327 1011 3409 eleganter
1035 3330 1210 3403 ornatum3
1235 3326 1440 3389 contrarium
1459 3326 1539 3389 dicit

422 3444 478 3509 Ov.
505 3444 602 3508 Trist.
625 3444 651 3507 I.
680 3445 706 3518 1,
733 3443 762 3507 3.
789 3443 828 3505 de
852 3443 938 3507 libro
964 3464 1044 3507 suo:
1073 3441 1191 3516 «Vade,
1210 3441 1268 3505 sed
1285 3441 1443 3519 tracoaas,
1460 3461 1537 3524 qua·

421 3564 489 3625 lem
521 3561 615 3623 decet
647 3561 769 3624 exsulis
803 3580 907 3625 esser.
940 3596 985 3604 ——
1016 3559 1134 3624 acellae
1168 3557 1295 3643 deflorat
1326 3556 1406 3623 inde
1438 3558 1539 3638 color,

421 3678 549 3742 colores
584 3676 674 3739 enim
710 3695 811 3758 supra
843 3696 909 3741 vss.
945 3676 1064 3740 9-14.
1099 3674 1255 3758 descripti
1288 3679 1366 3739 sunt
1398 3676 1540 3739 maxima

422 3796 619 3857 ornamenta
641 3790 727 3856 libri.

466 3911 504 3975 V.
533 3910 671 3973 19--aa
695 3905 764 3974 Illa
796 3904 882 3973 mibi
913 3907 1046 3993 referet,
1079 3908 1256 3973 nuntiabit.
1291 3946 1335 3954 —-
1370 3907 1411 3987 st
1434 3904 1541 3971 raoetri

423 4030 545 4093 mfataa
568 4045 652 4091 cara
671 4029 731 4106 eet,
755 4030 794 4090 ut
815 4025 937 4107 Paneg.
963 4028 999 4089 in
1021 4025 1120 4091 Mese.
1149 4026 1342 4091 198-199:
1370 4024 1495 4089 «nostri
1513 4023 1540 4088 si

423 4142 563 4225 parvula
594 4161 672 4204 cura
706 4139 756 4205 Sit
787 4142 889 4216 tibi»;
923 4140 1132 4223 Lygdamum
1160 4142 1311 4205 imitatur
1334 4140 1476 4205 Martial
1501 4138 1539 4203 K

423 4258 475 4335 20,
502 4258 542 4322 9:
572 4255 626 4322 «Si
648 4256 710 4320 tibi
733 4277 830 4321 mens
855 4257 980 4333 eadem,
1006 4258 1035 4322 si
1050 4258 1157 4323 nostri
1172 4263 1291 4321 mutua
1307 4278 1386 4322 cura
1401 4262 1482 4321 esta.
1501 4292 1543 4302 -

424 4372 479 4438 si.
499 4424 505 4438 .
524 4423 531 4437 .
548 4377 608 4449 aet,
642 4373 832 4438 coniunctio
865 4374 897 4438 si
928 4375 965 4440 in
998 4373 1258 4454 interrogatione
1283 4372 1446 4436 indirecta
1467 4390 1543 4435 cum

424 4488 614 4563 indicativa,
640 4494 678 4553 ut
700 4488 781 4553 Hor.
806 4490 865 4572 Ep.
890 4490 914 4553 Ι.
943 4490 972 4563 7,
1000 4490 1060 4553 39:
1089 4489 1248 4571 «Inspice,
1275 4490 1302 4551 si
1326 4509 1462 4570 passum
1486 4487 1543 4551 do-
