3834 5492
806 721 848 763 AD
866 719 997 766 sinum
1016 719 1157 766 molas·

998 891 1026 953 ὠ
1046 890 1276 972 τριέλικτον

635 998 754 1082 Μοῖραι
775 998 919 1062 crescam
941 1001 1040 1081 νῆμα
1060 1002 1125 1061 κατ’
1150 998 1323 1081 ἠλακάτας,

467 1155 534 1219 Nos
558 1173 605 1218 ve.
638 1155 690 1219 47.
726 1153 784 1218 ecl.
818 1151 873 1218 IV.
906 1153 1117 1234 reposuimus
1145 1151 1302 1238 ,sotorum
1328 1153 1475 1237 stamine,
1506 1157 1543 1219 in

422 1270 641 1352 inscriptione
672 1273 787 1333 autem
817 1268 1008 1333 invenimus
1042 1267 1177 1334 ieemine
1211 1267 1286 1353 foti.
1323 1267 1408 1334 (lum
1441 1271 1544 1352 igitur

423 1390 550 1451 certum
574 1387 626 1462 sit,
652 1385 776 1449 Iulium
800 1383 998 1459 Secundum,
1024 1383 1124 1466 elogii
1147 1390 1326 1460 auctorem,
1344 1385 1381 1451 in
1397 1388 1543 1451 carmine

424 1524 484 1567 suo
509 1503 591 1566 satis
615 1504 785 1584 eleganter
808 1501 931 1583 scripto
955 1501 1097 1582 vestigia
1119 1505 1294 1582 poetarum
1311 1522 1418 1566 aureas
1434 1505 1543 1566 aetatis

423 1619 543 1700 legisse
575 1617 765 1700 imitarique
796 1615 981 1698 Vergilium
1014 1653 1058 1660 —
1092 1634 1173 1680 nam
1205 1637 1251 1681 vs.
1283 1618 1333 1681 13.
1359 1618 1545 1682 obsoletam

423 1733 634 1818 pronominis
657 1731 912 1796 demonstrativi
935 1733 1079 1794 formam
1102 1729 1181 1796 ollis
1204 1733 1320 1814 procul
1343 1732 1443 1797 dubio
1466 1733 1545 1798 Ver-

426 1848 514 1931 gilio·
539 1847 647 1926 debet,
680 1848 736 1930 qui
768 1848 831 1912 hoc
865 1848 1054 1911 archaismo
1090 1867 1190 1910 aurea
1224 1867 1362 1929 poeseos
1386 1836 1545 1913 Romanae

425 1967 523 2027 aetate
547 1964 638 2027 solus
661 1983 742 2028 usus
767 1967 816 2027 est
839 1964 920 2026 Aen.
945 1963 968 2026 l.
992 1959 1049 2026 VI.
1072 1981 1120 2039 vs,
1147 1963 1230 2027 720:

639 2105 748 2179 igneus
769 2106 816 2163 est
837 2105 907 2164 ollis
927 2104 1016 2177 vigor
1035 2104 1067 2161 et
1087 2102 1218 2162 caleatis
1239 2103 1325 2176 origo

519 2245 521 2250 ·
641 2212 811 2272 seminibus
832 2245 871 2254 —

429 2404 546 2467 nostra
569 2400 894 2482 quidemsententia
918 2400 1021 2464 etiam
1044 2399 1220 2464 insolitum
1243 2399 1390 2476 verbum,
1415 2418 1545 2476 acoleo,

428 2536 448 2580 a
469 2515 615 2600 Vergilio
640 2517 822 2599 sumpsisse
845 2516 1014 2599 putandus
1039 2521 1098 2580 est.
1124 2515 1232 2594 Quare
1254 2536 1317 2580 nos
1341 2517 1404 2582 hoc
1426 2535 1548 2582 tremere

426 2632 469 2696 iis
503 2632 761 2696 adnumeramus
793 2632 911 2708 verbis,
941 2632 1061 2714 quibus
1084 2636 1184 2713 poeta
1206 2629 1421 2708 Mantuanus,
1447 2652 1548 2697 nova-

427 2751 482 2810 tor
503 2745 675 2811 verborem
695 2746 916 2822 felicissimus,
949 2747 1101 2828 linguam
1132 2745 1290 2808 Latinam
1321 2746 1547 2828 locupletavit

964 3049 1005 3114 IL

768 3187 825 3248 AD
846 3185 1011 3248 rmum
1031 3187 1215 3250 nenena.

476 3321 510 3388 1.
529 3325 564 3389 L
585 3323 610 3388 L
634 3326 661 3400 1,
683 3325 833 3390 29—30:

590 3464 652 3524 Nee
673 3467 780 3524 tamen
799 3464 958 3526 interdum
979 3463 1096 3540 pudeat
1115 3465 1253 3529 tenuisse
1273 3463 1431 3524 bidentem

633 3571 695 3630 Aut
716 3570 840 3630 stimulo
861 3570 968 3630 tardos
989 3571 1182 3648 increpuisse
1201 3570 1302 3631 boves.

431 3787 505 3851 Hoc
528 3786 601 3851 loco
625 3785 836 3871 increpuisse
859 3807 929 3850 non
953 3785 1139 3869 significat:
1173 3785 1273 3850 boves
1297 3785 1444 3849 stimulis
1467 3785 1551 3849 fodi-

432 3901 518 3966 endo
544 3899 687 3982 tortari,
712 3902 770 3966 sed
793 3902 1013 3985 simpliciter:
1038 3901 1161 3966 cadere
1178 3902 1326 3968 stimulo.
1342 3901 1428 3966 Nam
1441 3900 1551 3966 triere-

432 4035 517 4098 pare
540 4016 709 4080 interdum
732 4017 820 4080 idem
845 4015 1020 4098 significat,
1046 4016 1135 4100 quod
1153 4017 1309 4100 pulsare,
1334 4017 1357 4080 i.
1375 4039 1401 4081 e.
1418 4017 1552 4099 pulsare

432 4133 490 4208 ita,
516 4138 554 4196 ut
578 4135 723 4216 crepitus
746 4133 814 4199 fiat.
840 4132 887 4198 cf.
914 4131 973 4198 Ov.
998 4134 1070 4198 Am
1095 4132 1155 4199 ΙΠ,
1183 4132 1554 4215 16,17.‚ubiloquitur

433 4248 473 4312 de
506 4268 540 4312 se
573 4249 770 4330 tragoediam
802 4249 989 4331 scripturo:
1028 4247 1208 4330 «Corniger
1224 4247 1404 4332 ‚increpuit
1435 4247 1552 4328 thyrso

431 4366 581 4447 graviore
613 4366 763 4449 Lyaeus»,
797 4367 818 4431 i.
845 4388 870 4431 e.
904 4365 1051 4447 pulsavit
1073 4384 1136 4442 me,
1161 4384 1242 4429 nam
1264 4363 1414 4428 Bacchus
1436 4363 1552 4444 thyrso

432 4480 597 4556 feritam,
623 4481 742 4563 quibus
766 4482 912 4544 furorem
935 4480 1059 4543 inicere
1073 4479 1164 4555 ¹vult,
1188 4478 1278 4542 unde
1302 4477 1390 4559 apud
1421 4475 1552 4540 Lucret.
