3834 5492
416 694 465 746 116
804 715 845 759 ΑΙ)
864 715 977 760 sinac.
998 711 1145 760 158—170.

417 890 540 956 Oceani
563 892 664 956 rubro
688 893 770 956 lavit
793 912 924 974 aequore
957 913 1125 958 currum».
1158 930 1202 937 —
1240 890 1353 976 Titan,
1385 895 1425 958 cf.
1459 893 1535 958 adn.

417 1027 518 1089 supra
541 1007 582 1071 ad
603 1027 650 1071 vs.
676 1010 736 1072 51:
766 1008 914 1072 «Titan».
939 1045 984 1052 —
1006 1027 1121 1092 super,
1145 1009 1347 1074 adverbium.
1365 1046 1410 1053 —-
1433 1009 1538 1093 eperat

417 1129 522 1206 ortus,
545 1121 719 1188 adduxerit
744 1126 837 1186 ortus
861 1143 957 1198 suca3
984 1125 1024 1188 cf.
1050 1123 1146 1205 Vorg.
1171 1125 1251 1189 Aen.
1277 1122 1331 1187 IV.
1360 1125 1443 1188 118:
1463 1123 1536 1187 «ubi

417 1239 565 1321 primum
588 1239 754 1302 crastinus
775 1243 866 1302 ortus
886 1237 1052 1301 Extulerit
1075 1238 1203 1302 Titan».
1500 1273 1504 1282 ·

462 1355 500 1419 V.
539 1356 723 1420 158—164.
760 1354 805 1422 At
839 1351 955 1420 medio
986 1358 1039 1419 est
1070 1353 1187 1421 Phoebi
1219 1373 1352 1438 semper
1384 1354 1538 1420 subiecto

419 1470 537 1553 colori,
560 1490 645 1535 zona
668 1471 812 1547 torrida;
838 1471 877 1534 cf.
902 1469 998 1550 Verg.
1025 1468 1083 1534 Ge.
1108 1471 1133 1534 L
1159 1471 1356 1535 233-234:
1379 1491 1537 1553 «quarum

417 1606 486 1650 una
517 1606 654 1651 corusco
689 1581 827 1668 Semper
859 1587 930 1650 sole
965 1584 1088 1649 rubens
1121 1589 1153 1649 at
1187 1584 1314 1649 torrida
1341 1605 1473 1668 semper
1496 1586 1537 1649 ab

417 1704 520 1785 igni».
545 1738 590 1748 —
607 1701 752 1787 propior
775 1701 876 1768 terris
896 1702 1054 1768 restitum
1076 1702 1186 1788 fertur
1201 1701 1238 1766 in
1255 1701 1383 1785 orbem,
1400 1703 1539 1785 propior

417 1840 511 1890 aonae
534 1821 657 1882 nostrae
681 1818 815 1882 vehitur
837 1817 873 1880 in
898 1837 937 1881 ea
959 1821 1055 1899 parte
1078 1818 1159 1894 caeli,
1188 1817 1246 1881 ubi
1277 1821 1390 1882 aestate
1413 1820 1538 1883 versari

419 1936 513 2000 solet
542 1970 586 1980 —
619 1933 799 2000 aestioum.
819 1985 825 1998 .
848 1985 855 1998 .
875 1933 1004 2016 orbern,
1035 1934 1162 2009 caelum,
1194 1937 1232 1997 ut
1264 1933 1332 1998 Tib.
1366 1934 1391 1998 L
1421 1937 1452 2013 Ξ,
1476 1938 1537 2000 50:

424 2051 555 2115 «aestivo
585 2053 745 2115 convocat
778 2049 855 2113 orbe
888 2051 1015 2113 nives».
1041 2049 1088 2114 Of.
1114 2049 1189 2113 adn.
1215 2069 1315 2132 supra
1339 2049 1381 2113 ad
1403 2071 1450 2115 vs.
1476 2055 1537 2117 50:

424 2187 501 2248 «per
534 2166 679 2231 orbem».
709 2202 754 2210 —-
787 2165 949 2231 hibernos
970 2170 1134 2250 properat
1159 2163 1338 2231 decurrere
1363 2166 1465 2252 luces,
1488 2169 1536 2231 hi·

419 2282 542 2348 bernes
566 2282 637 2346 dies
659 2281 757 2347 finire
779 2286 955 2366 properat3
982 2287 1060 2346 sunt
1079 2283 1170 2346 enim
1193 2283 1303 2346 hieme
1326 2281 1397 2346 dies
1412 2283 1537 2348 breves.

421 2396 468 2462 Cf.
502 2397 597 2479 Verg.
633 2395 690 2462 Ge.
724 2397 765 2461 IL
798 2398 995 2462 tao—481:
1024 2396 1129 2476 «Quid
1151 2401 1284 2460 tantum
1308 2395 1439 2462 Oceano
1462 2419 1538 2482 pro·

420 2517 540 2597 perant
563 2533 598 2576 se
623 2514 775 2595 tinguere
800 2512 888 2576 soles
911 2511 1094 2577 HiberniP»
1122 2549 1167 2557 -
1190 2531 1312 2596 presso
1330 2563 1336 2576 .
1356 2565 1362 2577 .
1382 2565 1388 2578 .
1409 2519 1540 2593 aratra,

421 2632 595 2713 impresso,
628 2635 667 2694 ut
697 2629 794 2712 Verg.
828 2629 886 2695 Ge.
920 2630 964 2695 H.
989 2631 1070 2694 356:
1100 2651 1232 2712 «presso
1257 2649 1406 2694 exercerc
1430 2631 1540 2695 solum

422 2747 482 2812 sub
512 2767 678 2824 vomere»,
712 2744 769 2811 Ov.
803 2745 883 2810 Met
915 2745 975 2810 HL
1007 2747 1089 2812 104:
1129 2767 1262 2829 «presso
1294 2748 1424 2810 sulcum
1447 2752 1539 2829 pate-

421 2863 500 2925 fecit
524 2865 652 2924 aratro»
680 2865 713 2924 et
736 2861 865 2924 Lucret
891 2860 927 2926 V.
954 2862 1037 2925 ⁶209:
1067 2865 1208 2924 «terram
1239 2861 1364 2943 pressis
1390 2861 1539 2943 proscin-

422 2977 498 3040 dere
523 2977 674 3040 aratris».
698 3012 742 3022 -
767 2975 866 3041 tellus
891 2975 1060 3060 eorsurpit,
1083 2976 1171 3039 inter
1194 2976 1303 3040 sulcos
1328 2976 1419 3040 enim
1442 2976 1540 3040 attol-

421 3093 503 3156 litur
526 3092 668 3169 humus;
693 3093 732 3156 of.
757 3091 855 3172 Verg.
881 3089 938 3155 Ge.
963 3091 989 3156 L
1014 3092 1164 3155 97—98:
1194 3091 1254 3153 «Et
1278 3091 1343 3174 qui,
1371 3091 1541 3173 proscisso

422 3230 493 3293 quae
518 3209 657 3273 suscitat
673 3228 803 3290 aequore
819 3211 921 3288 terga,
946 3207 1075 3270 Rursus
1097 3207 1134 3269 in
1159 3207 1330 3288 obliquum
1354 3226 1450 3270 verso
1466 3229 1540 3289 per-

344 3359 345 3362 *
421 3324 548 3406 rumpit
580 3327 722 3387 aratro».
752 3360 796 3366 —
828 3322 907 3388 colit
940 3342 1026 3387 orco
1053 3319 1149 3404 deos,
1179 3321 1218 3384 ef.
1243 3320 1325 3384 Hor.
1352 3319 1459 3385 earm.
1483 3321 1540 3385 IV.

422 3442 453 3518 5,
480 3441 538 3504 18:
568 3439 698 3503 «Nutrit
720 3458 798 3503 rura
821 3436 950 3502 Ceres».
982 3474 1020 3482 —
1038 3435 1238 3502 Bacchusue
1255 3434 1406 3519 Ceresue,
1423 3437 1543 3500 vinum

422 3563 455 3620 et
489 3558 696 3620 frumentum
729 3575 799 3618 non
834 3555 961 3618 crescit.
997 3589 1042 3600 —
1075 3550 1184 3617 Nullo
1218 3571 1289 3635 nee,
1323 3552 1542 3634 negationum

422 3673 614 3748 cumulatio,
634 3675 672 3735 ut
694 3671 790 3753 Prop.
814 3670 857 3735 H.
886 3671 936 3746 19,
961 3672 1064 3735 5-62
1094 3669 1211 3733 «Nulla
1232 3688 1340 3750 nsque
1365 3672 1441 3731 ante
1464 3672 1543 3731 tuas

424 3790 548 3854 orietur
580 3787 650 3850 rixa
682 3788 855 3862 fenestras,
889 3787 956 3850 Nec
979 3786 1041 3849 tibi
1072 3786 1222 3849 clamatae
1246 3803 1384 3848 somnus
1408 3803 1543 3846 amarus

424 3907 503 3970 erit»
541 3907 574 3968 et
605 3903 663 3967 HI.
701 3904 750 3979 13,
777 3903 841 3967 23:
877 3902 949 3966 rhic
972 3902 1067 3966 nulla
1089 3902 1202 3984 puella
1224 3900 1291 3965 Nec
1313 3899 1380 3964 fida
1403 3899 1544 3963 Euadne

422 4040 484 4085 nec
506 4019 563 4102 pia
584 4019 783 4102 Penelope».
1489 4050 1491 4054 v

467 4134 505 4198 V.
533 4135 716 4200 165—170.
752 4131 891 4199 Fertilis
925 4131 1014 4198 horre
1043 4131 1133 4196 inter
1159 4130 1279 4216 posito
1310 4132 1359 4194 est
1386 4128 1550 4214 interque.

423 4249 573 4335 ripeotes
608 4247 805 4335 Nostraque
840 4253 870 4314 et
906 4247 983 4314 huie
1019 4245 1165 4313 adraso
1203 4245 1276 4311 solo
1307 4263 1400 4329 pers
1431 4245 1549 4310 atero

422 4370 553 4446 costra,
585 4367 624 4430 of.
658 4365 753 4446 Verg.
788 4365 845 4430 Ge.
877 4365 903 4430 I.
929 4364 1124 4429 237—238:
1153 4361 1241 4424 «Has
1264 4362 1352 4424 inter
1374 4361 1429 4438 (se.
1452 4359 1546 4423 inter

424 4502 526 4546 nonas
562 4482 710 4562 frigidas)
747 4481 956 4563 mediamque
996 4479 1068 4542 duae
1107 4480 1161 4556 (sc.
1202 4479 1306 4555 nonae)
1344 4473 1546 4540 mortalibus
