3834 5492
795 713 891 758 LYGD.
910 712 1003 756 ulmo.
1023 712 1066 757 1v.

504 890 547 955 Et
569 891 693 955 frustra
715 889 922 953 immeritum
944 890 1157 971 pertimuisse
1179 888 1288 967 velit,¹

462 1006 497 1074 Si
519 1027 594 1071 mea
617 1025 679 1069 neo
701 1006 791 1087 turpi
815 1024 911 1070 mens
935 1009 987 1067 est
1011 1004 1153 1069 obnoxie
1177 1006 1272 1068 fseto

505 1122 572 1186 Neo
595 1123 682 1186 laesit
703 1140 844 1203 magnos
868 1121 973 1203 impis
996 1120 1112 1203 lingue
1136 1120 1234 1185 deos
1269 1164 1271 1172 s
1322 1115 1324 1119 ’

460 1239 531 1301 Ium
555 1238 627 1302 Nox
649 1238 823 1301 aetherium
846 1236 951 1317 nigris
977 1257 1113 1301 emenso
1136 1237 1306 1319 quadrigis

505 1352 669 1418 Mundum
694 1354 834 1417 oseruleo
857 1354 985 1417 leverat
1009 1373 1106 1417 smne
1130 1358 1229 1432 rotas,
1254 1352 1257 1363 ’

460 1470 527 1533 Neo
549 1485 604 1532 me
627 1469 773 1550 sopierat
796 1467 901 1531 menti
924 1468 1007 1531 deus
1031 1469 1123 1533 utilis
1147 1488 1288 1552 segue?
1322 1512 1325 1522 ι

505 1583 650 1649 Somnus
674 1585 834 1648 sollicites
858 1583 968 1652 deficit
992 1590 1067 1649 ante
1092 1585 1218 1651 domos.
1263 1606 1279 1638 ι’
1297 1627 1299 1635 1

461 1700 616 1776 Tandem,
641 1720 717 1763 eum
742 1719 872 1763 summe
896 1699 1038 1763 Phoebus
1062 1702 1233 1783 prospexit
1256 1701 1298 1765 sb
1322 1700 1414 1779 Oete,

505 1815 628 1879 Pressit
650 1816 842 1897 languentis
865 1816 995 1878 luminu
1019 1836 1093 1880 sere
1115 1816 1218 1898 quies.

459 1930 524 1993 Hie
547 1932 679 1996 iuvenis
702 1935 793 1995 ousta
817 1930 992 1995 redimitus
1016 1937 1167 2013 temporo
1190 1932 1285 1996 leuro

504 2047 564 2112 Est
585 2047 677 2112 visus
701 2051 816 2112 nostre
838 2068 963 2130 ponere
987 2047 1064 2111 sede
1087 2048 1215 2131 pedem.
1325 2098 1326 2101 η

460 2166 535 2229 Non
559 2166 618 2230 illo
642 2166 819 2248 quiequam
843 2166 1023 2229 formosius
1047 2164 1116 2228 ulle
1139 2164 1288 2247 priorum

504 2280 615 2356 Aetas,
640 2280 780 2344 heroum
803 2301 865 2344 neo
888 2281 968 2345 tulit
990 2280 1061 2351 ulls
1083 2280 1211 2345 domus.
1330 2328 1333 2335 .

459 2394 592 2458 Intonsi
614 2395 723 2458 erines
746 2396 846 2479 longo
869 2396 995 2461 cervice
1017 2394 1176 2473 fluebant,
1270 2412 1282 2445 ⁵-

507 2508 662 2574 Stillsbet
684 2509 960 2594 Syriomymhea
984 2531 1057 2575 rore
1081 2530 1185 2574 oomu.

461 2625 592 2691 Cundor
616 2633 695 2704 erut,
720 2629 853 2710 qualem
876 2630 1010 2711 praeiert
1032 2628 1174 2691 Latonia
1197 2626 1303 2702 Luna,
1328 2646 1330 2653 ·

504 2744 547 2807 Et
569 2745 661 2808 color
684 2746 720 2808 in
744 2746 842 2808 niveo
866 2764 1004 2826 eorpors
1028 2764 1226 2828 purpureus,
1270 2792 1272 2796 .

460 2860 504 2924 Ut
526 2861 639 2924 iuveni
662 2862 808 2941 primum
833 2862 924 2942 virgo
948 2858 1088 2924 deducte
1110 2860 1230 2923 'morito

502 2975 652 3040 Inficitur
673 2975 806 3040 teneros
830 2996 886 3040 ore
909 2976 1048 3040 rubente
1072 2996 1185 3057 genus,
1259 3014 1260 3017 =
1294 2994 1308 3021 ··

459 3093 501 3155 Et
524 3113 599 3155 oum
623 3096 804 3155 eontexunt
827 3092 1009 3156 amarantis
1033 3093 1109 3155 albe
1131 3092 1251 3174 pueliae

503 3207 592 3269 Lilia
616 3211 649 3269 et
672 3212 833 3270 eutumno
857 3205 998 3270 candide
1021 3208 1110 3270 mels
1133 3206 1291 3270 rubent·
1332 3222 1335 3257 ῑ

458 3322 531 3385 Ima
553 3322 727 3387 videbatur
749 3322 826 3386 talis
845 3322 997 3386 inludere
1020 3324 1138 3404 pellez·
1261 3342 1295 3377 ι·

504 3437 653 3522 Namque
677 3440 748 3502 haee
771 3439 808 3501 in
830 3438 938 3502 nitido
963 3458 1098 3521 eorpors
1122 3440 1224 3503 vestis
1250 3442 1329 3501 eret.

458 3554 547 3617 Artis
571 3574 655 3637 opus
678 3574 770 3631 resse,
796 3555 927 3637 fulgens
950 3554 1118 3619 testudine
1143 3558 1176 3618 et
1199 3575 1280 3619 euro
1367 3572 1369 3583 ⁴

503 3668 672 3733 Pendebet
694 3670 776 3735 laevu
799 3672 932 3751 garrulo
954 3674 1049 3753 perte
1072 3672 1175 3753 lyras

458 3785 556 3849 Hane
578 3786 724 3867 primum
748 3788 894 3851 veniens.
910 3787 1037 3869 plectro
1061 3787 1252 3851 modulatus
1277 3788 1402 3863 eburno

502 3901 631 3964 Felioes
655 3906 773 3965 sentus
796 3922 852 3979 ore
876 3907 1018 3969 sonante
1041 3903 1150 3967 dedit:
1242 3941 1245 3955 2

337 4066 346 4077 .
459 4016 523 4082 Sed
545 4023 723 4099 postquem
747 4018 881 4082 fuerent
902 4018 997 4100 digiti
1021 4039 1096 4084 cum
1119 4040 1200 4084 voee
1222 4021 1334 4098 locuti,

502 4132 615 4197 Edidit
638 4133 707 4197 haeo
730 4133 819 4210 dulei
842 4135 952 4199 tristis
974 4135 1075 4199 verbe
1098 4136 1217 4201 modo:
1237 4134 1250 4197 ’.η
1272 4156 1288 4169 ·’

463 4248 589 4327 «Salve,
614 4270 693 4313 oure
717 4250 837 4314 deum:
863 4255 955 4315 oesto
980 4271 1059 4315 nem
1082 4250 1144 4315 rite
1167 4254 1274 4335 poetae

502 4366 710 4451 Phoebusque
735 4374 768 4433 et
790 4368 941 4431 Buoohus
964 4368 1175 4451 Pieridesque
1199 4370 1329 4433 favent:

459 4481 522 4546 Sed
544 4483 655 4563 proles
680 4480 826 4549 Semeles
849 4485 999 4549 Buoehus
1022 4485 1191 4569 dootaeque
1216 4480 1353 4555 sorores,
1456 4513 1486 4552 rs
