3834 5492
755 716 797 760 sn
815 716 909 761 nien.
930 715 1022 764 nune.
1042 716 1084 760 vr.
1452 692 1486 745 75

362 894 553 979 promittite
589 892 673 971 Diti,
706 894 860 957 solebant
894 893 986 955 enim
1022 892 1149 973 antiqui
1181 891 1236 955 dis
1276 892 1390 955 inieris
1425 912 1484 973 pro

368 1010 473 1075 salute
498 1014 707 1092 aegrotorum,
732 1014 769 1073 ut
792 1009 834 1071 iis
857 1012 1057 1091 parceretur,
1082 1012 1161 1072 vota
1185 1009 1310 1083 facere;
1343 1010 1383 1071 cf.
1415 1008 1485 1072 rlib.

366 1126 393 1189 l.
428 1129 458 1201 5,
496 1127 634 1190 15—16.
668 1124 721 1204 (de
754 1144 789 1188 se
821 1144 881 1207 pro
916 1124 1023 1187 salute
1055 1122 1157 1187 Deliae
1180 1126 1258 1187 vote
1280 1123 1486 1206 Proserpina

367 1242 539 1320 faciente):
577 1240 670 1322 «Ipse
705 1260 765 1321 ego
796 1240 926 1303 velatus
958 1238 1016 1303 filo
1049 1240 1235 1322 tunicisque
1261 1240 1379 1303 solutis
1402 1227 1488 1302 Vota

369 1378 490 1421 novem
499 1357 615 1421 Triviae
625 1360 722 1421 nocte
734 1357 854 1421 silente
867 1356 976 1420 dedis.
993 1394 1037 1400 —-
1053 1354 1197 1435 lateres,
1214 1356 1293 1420 dum
1310 1360 1489 1437 aegrote.-

368 1472 489 1558 niqrus
518 1470 675 1556 pecudes,
710 1492 789 1535 nam
821 1472 924 1554 nigras
955 1472 1074 1535 hostiae
1098 1471 1149 1535 dis
1173 1471 1290 1535 inferis
1314 1470 1487 1535 sacraban-

368 1593 444 1663 tur;
478 1588 518 1652 cf.
551 1587 647 1669 Verg.
680 1588 761 1651 Aen.
796 1586 850 1650 VI,
878 1588 951 1651 153.
975 1585 1114 1669 (Sibylla
1137 1586 1179 1650 ad
1201 1587 1349 1651 Aeneam
1372 1584 1488 1648 inieris

370 1722 463 1765 sacra
486 1704 682 1783 facturum:
712 1703 801 1768 «Duc
824 1704 938 1785 nigras
962 1703 1138 1785 pecudes».
1164 1740 1206 1745 —
1226 1699 1269 1766 sl
1286 1700 1376 1766 reieci
1392 1698 1488 1766 lactis

365 1819 495 1902 pocula
517 1818 631 1884 mixta
654 1837 758 1902 merc,
782 1820 833 1882 dis
856 1820 975 1883 inieris
999 1820 1089 1882 enim
1114 1821 1147 1882 et
1169 1816 1326 1881 Manibus
1341 1819 1487 1880 mortuo·

370 1954 443 1996 rum
469 1934 642 2015 sanguine,
668 1936 753 1997 lacte
778 1939 810 1997 et
825 1934 904 1999 vino
922 1935 1075 1998 solebant
1091 1933 1195 1997 libare
1206 1954 1214 2008 ;
1239 1934 1277 1997 ef.
1297 1930 1371 1995 adn.
1390 1948 1490 2011 supra

371 2050 412 2113 ad
435 2051 477 2115 ΙΙ.
506 2053 653 2115 19-1οε
692 2052 753 2115 «Et
773 2052 920 2135 primum
945 2054 1105 2133 spargant
1120 2100 1128 2115 .
1146 2098 1180 2114 ..
1205 2049 1304 2131 Lyaeo
1327 2048 1429 2111 lacco»
1458 2048 1491 2109 et

371 2167 466 2247 Verg.
497 2167 579 2231 Aen.
604 2167 641 2231 V.
668 2169 809 2232 77-76.
834 2167 874 2231 de
898 2168 1013 2231 Aenea
1035 2166 1192 2229 Manibus
1215 2165 1367 2229 Anchisae
1392 2162 1490 2227 sacri·

370 2283 511 2346 ficante:
542 2283 623 2347 «Hic
646 2284 713 2347 duo
737 2286 799 2348 rite
823 2304 915 2348 mere
938 2284 1050 2347 libans
1073 2283 1242 2347 carchesia
1256 2281 1386 2346 Baccho
1402 2280 1490 2343 Fun-

371 2398 420 2462 dit
454 2400 556 2475 humi,
593 2399 658 2463 duo
682 2401 766 2465 lacte
790 2422 887 2476 nove,
923 2401 990 2464 duo
1024 2403 1187 2483 sanguine
1211 2420 1346 2474 sacroru
1375 2398 1488 2463 Senec.

373 2514 452 2578 Oed.
476 2517 662 2581 578—579.
688 2516 728 2580 de
751 2518 968 2582 libaminibus
999 2519 1204 2584 inferorum:
1242 2518 1342 2582 «libat
1376 2520 1409 2579 et
1441 2516 1490 2578 ni-

372 2652 471 2694 veum
483 2631 622 2715 insuper
634 2633 747 2697 Lectis
759 2634 935 2716 liquorem,
951 2634 1059 2697 fundit
1077 2640 1108 2698 et
1124 2634 1291 2698 Bacchum
1310 2652 1444 2696 manua.
1467 2666 1492 2674 -

374 2747 463 2812 astuci
488 2747 659 2829 lectiani
683 2750 849 2832 suprall.
876 2752 938 2815 ⁶20:
968 2752 1083 2814 «niveo
1110 2750 1229 2814 lacte».

904 3054 960 3118 VI.

420 3212 680 3296 Arpumcntum.
704 3214 814 3290 Poeta,
840 3218 879 3277 ut
901 3235 999 3278 curas
1023 3217 1146 3279 amoris
1171 3216 1292 3297 abigat,
1310 3235 1345 3280 se
1362 3218 1395 3279 et
1410 3214 1493 3278 ami-

375 3349 431 3392 cos
455 3329 496 3392 ad
520 3329 701 3393 bibendum
719 3330 840 3393 excitat
854 3351 1053 3413 poenamque
1072 3332 1194 3395 Bacchi
1211 3332 1386 3396 denuntiat
1403 3350 1494 3395 recu·

376 3445 528 3509 sentibus
551 3447 706 3525 (144).
731 3443 796 3509 Sed
820 3448 965 3529 resurgit
988 3447 1084 3512 dolor
1107 3450 1227 3512 iterum
1251 3453 1349 3530 atque
1373 3449 1495 3511 iterum

376 3582 484 3644 neque
517 3583 635 3627 amans
669 3563 789 3645 puellae
822 3564 968 3629 infidelis
1002 3564 1151 3629 oblivisci
1184 3569 1295 3647 petest
1317 3566 1494 3645 (2548).

376 3677 529 3741 Ariadnae
562 3678 681 3742 deinde
714 3699 733 3742 a
765 3680 893 3743 Theseo
926 3680 1048 3743 relicta
1084 3681 1233 3762 exemplo
1266 3701 1348 3745 usus
1382 3683 1498 3744 monet

379 3794 512 3870 amicos,
547 3815 589 3858 ne
622 3795 731 3860 verbis
759 3796 891 3860 blandis
915 3797 1177 3879 iuramentisque
1201 3799 1237 3861 in
1261 3818 1374 3861 amore
1397 3796 1497 3860 fidem

378 3910 524 3973 habeant
554 3912 721 3990 (39—50.)
733 3934 742 3987 ;
778 3914 901 3976 fatetur
932 3917 1047 3977 tamen
1078 3914 1225 3995 puellam
1248 3912 1410 3995 perfidam
1433 3913 1497 3978 sibi

379 4026 480 4089 etiam
513 4046 603 4089 nunc
636 4046 747 4091 caram
780 4048 852 4093 esse
886 4031 1062 4109 (51—56.).
1092 4030 1133 4092 In
1164 4028 1240 4104 fine,
1276 4032 1313 4092 ut
1348 4028 1497 4093 dolerem

379 4140 540 4205 ebrietate
551 4143 671 4218 vincat,
686 4163 806 4226 aquam
818 4144 962 4225 largiore
973 4145 1052 4208 vino
1069 4146 1201 4208 misceri
1217 4146 1309 4209 iubet
1321 4147 1498 4225 (57---cc.).

425 4254 564 4339 Scripsit
586 4257 777 4341 Lygdamus
801 4260 888 4323 hanc
913 4261 1055 4341 elegiam
1077 4264 1154 4343 post
1183 4261 1299 4325 l—IV.
1333 4262 1385 4325 Ibi
1408 4263 1498 4326 enim

380 4374 531 4436 animum
553 4374 666 4438 uxoris
683 4374 746 4438 sibi
761 4377 969 4455 reconciliari
984 4396 1083 4458 posse
1100 4381 1298 4459 speraverat,
1316 4378 1370 4440 hic
1387 4380 1499 4441 autem

380 4509 515 4553 omnem
537 4490 605 4553 iam
628 4492 861 4573 recuperandae
884 4493 1007 4556 Neserae
1031 4513 1124 4574 spem
1147 4493 1275 4557 abiecit.
