3834 5492
464 709 514 760 176
843 729 884 772 ΔΙ)
904 728 1033 774 menam
1052 728 1197 773 nunnus,

460 905 574 972 Minus
609 910 685 988 apte
716 906 864 987 positum
899 903 1031 968 videtur
1065 904 1204 969 iuuante
1234 910 1370 987 propter
1392 906 1583 988 praecedens

459 1023 566 1087 iuuat.
599 1019 817 1086 scribendum
844 1021 1007 1082 fortasse:
1034 1023 1190 1101 concute,
1213 1039 1293 1082 nam
1316 1020 1454 1104 aqualis
1478 1040 1583 1086 sonus

460 1158 552 1220 aquee
585 1138 734 1204 cadentis
767 1137 863 1200 facile
897 1141 930 1199 et
961 1134 1105 1198 iucunde
1136 1135 1290 1199 homines
1315 1137 1412 1219 sopit.
1438 1135 1486 1202 cf.
1510 1137 1582 1202 nib.

458 1257 483 1320 Ι.
510 1256 538 1331 9,
565 1256 715 1320 77—78:
754 1273 926 1336 «soporem
957 1252 1024 1315 Nec
1048 1252 1178 1315 conitus
1202 1252 1339 1333 placidae
1364 1251 1482 1318 ducere
1504 1256 1580 1336 poa

458 1377 509 1436 eet
542 1389 675 1455 aquae»;
700 1372 782 1436 Hor.
807 1369 909 1454 Epod.
939 1370 967 1445 b,
994 1368 1147 1432 27-98:
1187 1367 1329 1433 «Fontes
1352 1369 1500 1451 lymphis
1523 1369 1581 1433 ob·

459 1491 612 1569 strepunt
635 1485 862 1562 manantibuS,
888 1482 1033 1549 Somnos
1058 1482 1145 1566 qnod
1168 1483 1289 1547 invitet
1311 1483 1433 1547 leves».
1525 1487 1528 1492 '

503 1599 538 1666 4.
562 1602 599 1666 L.
624 1601 649 1665 I.
676 1603 705 1677 9,
732 1601 872 1666 35--36,
899 1619 990 1664 nunc
1012 1600 1061 1663 ita
1085 1599 1215 1663 scribo:

617 1759 685 1818 Illis
707 1760 842 1836 eriperes
863 1757 964 1818 verbis
986 1759 1064 1817 mihi
1085 1758 1188 1817 sidera
1209 1759 1275 1816 caeli

656 1868 773 1926 Lucere
794 1869 825 1925 et
842 1885 963 1944 pronus
983 1865 1128 1941 fluminio
1150 1883 1217 1924 esse
1238 1865 1313 1933 vias,

455 2060 513 2124 ubi
539 2079 673 2148 proetus
707 2067 757 2126 est
788 2063 981 2126 coniectura
1003 2061 1136 2144 Heynii,
1161 2061 1318 2146 [luminis
1343 2066 1456 2126 autem
1477 2061 1578 2128 lectio

455 2176 577 2241 codicis
610 2178 834 2242 Ambrosiani.
867 2177 953 2242 Nam
985 2177 1100 2240 eadem
1123 2179 1191 2240 fere
1216 2173 1351 2244 ἀδύνατα
1374 2197 1577 2243 commemo·

455 2298 573 2357 rantur
608 2292 648 2358 ab
683 2293 757 2374 ipeo
791 2292 921 2357 Tibullo
953 2292 979 2358 1.
1014 2294 1044 2369 l,
1077 2293 1221 2357 43-44.
1245 2292 1297 2373 (de
1321 2298 1430 2376 saga):
1462 2293 1578 2357 «Hanc

455 2427 513 2489 ego
550 2408 590 2473 de
625 2409 704 2474 caelo
729 2408 906 2473 ducentem
930 2409 1039 2472 sidera
1061 2408 1140 2484 vidi,
1175 2406 1351 2474 Fluminis
1374 2409 1444 2473 haec
1467 2408 1577 2490 rapidi

454 2523 601 2586 carmine
624 2524 726 2587 vertit
749 2522 856 2599 iteum
881 2524 920 2587 cf.
947 2524 1049 2587 etiam
1071 2523 1168 2603 Verg.
1193 2521 1252 2586 Ge.
1276 2523 1302 2588 I.
1329 2522 1411 2587 203:
1451 2524 1577 2605 «Atque

453 2639 550 2703 illum
574 2660 719 2722 praecepe
738 2657 850 2724 pt’ouo
874 2639 967 2702 vehit
997 2639 1111 2702 alvena
1143 2637 1259 2703 umuli»
1295 2643 1328 2702 et
1360 2638 1432 2703 Val.
1465 2638 1576 2707 Flere.

454 2756 576 2838 Argon.
590 2755 644 2821 VI.
658 2757 733 2820 443.
747 2755 799 2836 (de
815 2755 963 2834 Medea):
985 2754 1113 2819 «Mutat
1130 2774 1226 2836 egros
1242 2753 1452 2840 fluviumque
1463 2754 1573 2820 uias».

499 2869 534 2935 5.
558 2872 595 2938 L.
622 2872 665 2936 ΙΙ.
692 2875 719 2948 1,
745 2872 898 2936 51--542

613 3028 757 3104 Agricola
777 3028 906 3090 adsiduo
928 3029 1064 3107 primum
1085 3032 1215 3104 satiatus
1237 3033 1339 3091 aratro

655 3135 798 3197 Ocntavit
819 3140 902 3197 certo
924 3136 1039 3196 rustica
1058 3136 1153 3196 verbe
1173 3136 1251 3212 pede
1402 3128 1404 3133 ’

612 3241 653 3302 Et
673 3251 763 3303 sotur-
783 3243 884 3303 arenti
905 3244 1041 3318 primum
1062 3246 1110 3303 est
1131 3242 1306 3303 modulatus
1328 3261 1426 3302 avena

653 3350 796 3422 Carmen,
818 3352 853 3411 ut
874 3353 1002 3410 ornatos
1023 3349 1140 3410 diceret
1161 3354 1233 3409 ante
1255 3349 1336 3410 deos.

450 3561 553 3625 Poeta
584 3567 663 3626 ante
696 3564 810 3628 oculos
837 3564 955 3629 habuit
978 3565 1109 3630 Lucret.
1133 3565 1171 3631 V.
1199 3567 1294 3630 1384.
1318 3565 1399 3649 sqq„
1421 3563 1480 3627 ubi
1504 3564 1573 3646 agi·

451 3683 506 3740 tur
529 3678 569 3742 de
592 3679 788 3744 inventione
813 3681 937 3744 artium
962 3680 1050 3762 apud
1074 3681 1228 3744 homines
1253 3680 1524 3764 antiquissimos:

612 3833 691 3893 Inde
713 3834 892 3894 minutatim
914 3835 1018 3895 dulces
1040 3835 1174 3895 didicere
1197 3817 1378 3914 querellas,¹
1501 3838 1503 3849 '

611 3939 701 4000 Tibia
722 3959 798 4017 ques
818 3941 921 4002 fundit
943 3943 1049 4017 digitis
1071 3944 1192 4019 pulsata
1213 3947 1389 4015 canentum,
1511 3957 1513 3961 ·

611 4050 689 4109 Avia
710 4069 765 4126 per
786 4069 915 4112 nemore
937 4070 972 4110 ac
992 4053 1086 4111 silvae
1108 4052 1264 4127 saltusque
1285 4054 1432 4128 repertas,

608 4156 667 4217 Per
687 4159 754 4218 loca
775 4161 933 4234 pastorum
956 4157 1077 4218 deserta
1096 4161 1188 4236 atque
1210 4159 1274 4217 otia
1294 4158 1356 4218 dia.

609 4263 684 4324 Haec
705 4267 828 4326 animos
850 4267 913 4324 illie
934 4265 1110 4326 mulcebant
1131 4269 1222 4343 atque
1243 4266 1392 4326 iuvabant

612 4371 691 4430 Cum
712 4375 826 4434 satiate
848 4375 932 4434 cibi:
953 4393 1028 4434 nam
1048 4377 1115 4434 tum
1138 4378 1211 4455 eunt
1233 4375 1372 4434 carmina
1392 4373 1488 4434 cordi.
