3834 5492
389 712 424 763 86
718 736 760 778 ΔΙ)
778 736 871 779 LYGD.
894 736 987 783 uduo.
1006 738 1047 782 VI.
1067 735 1133 781 63-
1145 734 1187 783 6².

391 911 573 992 ceterisque
597 911 777 975 conrivatis
801 916 899 995 atquc
934 914 1121 979 emendatis
1152 916 1244 980 lacus
1278 915 1509 997 septingentos

391 1027 500 1092 feeit».
539 1025 729 1107 Lygdamus
768 1028 855 1092 bane
900 1050 1020 1111 aquam
1065 1036 1304 1095 commemorat
1345 1032 1508 1113 Propertii

390 1145 578 1226 exemplum
611 1148 761 1222 secutus;
795 1147 836 1210 ci.
870 1147 967 1229 Prop.
997 1147 1056 1211 ΙΠ.
1091 1150 1118 1224 l,
1149 1148 1207 1212 12:
1245 1147 1338 1212 «Non
1368 1168 1510 1231 operoso

389 1260 476 1341 riget
506 1260 651 1323 Marcius
686 1264 782 1326 antra
816 1262 944 1345 liquor»
980 1268 1012 1326 et
1044 1263 1104 1327 ΙΠ.
1137 1265 1189 1340 lb,
1225 1265 1285 1329 24:
1327 1270 1506 1331 «aternum

389 1375 534 1440 Marcius
566 1396 664 1439 umor
696 1395 811 1459 opus».
844 1414 889 1423 -
920 1376 1011 1464 sugit
1041 1380 1169 1443 costroe
1195 1379 1350 1445 convivia
1372 1398 1511 1458 metasse,

389 1492 411 1555 i.
436 1512 463 1554 e.
487 1492 623 1574 reliquit
644 1492 759 1556 Neaera
782 1492 919 1555 domum
941 1492 1113 1575 Lygdami‚
1138 1493 1194 1557 ubi
1219 1493 1355 1559 domina
1380 1515 1451 1559 esse
1475 1499 1511 1559 et

389 1628 459 1673 una
480 1627 556 1671 cum
578 1609 700 1675 marito
716 1608 866 1690 hospites
882 1609 1030 1691 excipere
1047 1608 1197 1674 debebat.
1214 1646 1258 1654 —
1272 1610 1430 1695 ignotum
1446 1662 1454 1677 .
1472 1659 1481 1679 .
1498 1659 1509 1675 .

391 1726 514 1800 torum,
548 1744 696 1788 amorem
727 1725 835 1806 ignoti
868 1728 901 1789 et
932 1725 1089 1807 ignobilis
1112 1726 1260 1791 hominis
1272 1748 1280 1801 ;
1312 1726 1394 1791 dixit
1417 1728 1509 1791 enim

389 1861 491 1924 supra
522 1841 576 1905 IV.
613 1844 675 1907 60:
712 1842 796 1906 «Nec
829 1841 951 1925 gaudet
983 1845 1074 1908 casta
1106 1847 1213 1926 nupta
1236 1842 1351 1907 Neaera
1374 1844 1506 1907 domo».

303 2035 306 2040 Ι
390 1955 539 2041 Opponit
569 1958 671 2040 igitur
702 1958 893 2040 Lygdamus
926 1980 960 2023 se
991 1960 1135 2023 honesta
1167 1959 1266 2023 domo
1299 1962 1409 2025 ortum
1435 1961 1510 2025 viro

389 2074 440 2141 illi
473 2074 624 2156 ignobili,
659 2075 754 2139 cuius
788 2095 937 2139 amorem
964 2075 1078 2141 Neaera
1098 2076 1199 2158 eupit.
1224 2071 1271 2141 Of.
1297 2076 1364 2141 Tib.
1390 2076 1510 2159 (Sulp.)

388 2191 442 2257 IV.
481 2193 529 2268 10,
564 2193 602 2255 6:
641 2190 706 2255 «Ne
738 2189 852 2255 cedam
883 2192 999 2273 ignoto
1022 2194 1166 2256 maxima
1189 2213 1290 2257 causa
1311 2199 1405 2259 toro»
1432 2197 1455 2263 i.
1479 2217 1509 2261 e.

389 2327 432 2373 ne
455 2308 649 2391 praeferatur
670 2307 754 2370 mihi
771 2308 878 2371 amica
901 2308 1023 2371 humili
1045 2308 1120 2373 loco
1143 2312 1241 2385 nata3
1274 2308 1371 2391 Prop.
1396 2309 1450 2376 IV.
1475 2313 1508 2391 8,

375 2423 452 2489 '342
488 2423 549 2487 «Et
576 2443 697 2488 venere
730 2424 847 2506 ignota
879 2424 969 2489 furta
1000 2444 1123 2490 novare
1154 2445 1247 2489 meaa
1283 2426 1304 2490 i.
1338 2448 1366 2491 e.
1396 2448 1510 2491 amore

389 2538 602 2608 meretricum
635 2538 833 2621 vulgarium.
856 2576 901 2584 —
939 2538 989 2605 Tu
1007 2558 1097 2625 puer
1114 2540 1136 2616 i,
1161 2541 1197 2603 in
1221 2540 1344 2605 talibus
1367 2542 1509 2606 locutio-

388 2656 488 2721 nibus
512 2655 526 2721 a·
557 2655 646 2719 idem
677 2657 747 2719 iere
780 2655 953 2739 significat,
979 2656 1067 2739 quod
1090 2675 1163 2743 ope,
1188 2657 1353 2739 habetque
1377 2677 1511 2740 semper

389 2769 624 2854 imperativum
643 2770 786 2834 alterum
809 2770 1024 2847 adiunctum3
1051 2771 1090 2835 of.
1115 2771 1196 2835 Hor.
1223 2770 1291 2835 Sat.
1314 2772 1341 2837 Ι.
1369 2775 1417 2850 10,
1443 2775 1508 2838 92:

393 2887 427 2953 «I
449 2906 533 2967 puer
555 2891 654 2971 atquc
677 2908 752 2952 meo
777 2888 862 2953 citus
885 2890 956 2952 haec
981 2887 1148 2952 subscribe
1172 2887 1305 2951 libellos
1341 2891 1375 2953 et
1407 2888 1502 2971 Prop.

388 3004 447 3069 III.
460 3006 514 3082 23,
528 3006 584 3068 23:
602 3004 636 3067 «Ι
645 3024 728 3087 puer
743 3008 776 3068 et
791 3002 876 3068 citus
892 3004 963 3068 haeo
977 3004 1090 3086 aliqua
1105 3023 1254 3086 propone
1270 3004 1512 3068 columna».-

389 3118 561 3208 liquidum
577 3168 585 3185 .
603 3167 612 3184 .
628 3169 636 3184 .
654 3137 797 3198 merum,
830 3120 967 3193 clarum,
1000 3119 1073 3183 sine
1097 3118 1194 3195 laece;
1226 3119 1265 3182 of.
1289 3117 1370 3182 Hor.
1395 3116 1454 3199 Ep.
1480 3118 1507 3181 I.

391 3239 441 3314 14,
468 3238 529 3303 34:
566 3235 704 3319 «liquidi
726 3234 878 3298 Falernis
907 3239 940 3299 et
963 3234 1091 3301 Colum.
1116 3235 1189 3299 XII.
1216 3237 1267 3311 38,
1292 3237 1332 3299 a:
1371 3249 1508 3298 seuran-

389 3353 469 3419 dum
493 3356 553 3428 est,
577 3356 615 3417 ut
639 3372 714 3415 cum
738 3350 897 3415 diffundis
919 3352 1068 3432 (vinum),
1093 3352 1257 3435 liquidum
1281 3355 1313 3415 et
1338 3351 1410 3416 sino
1428 3351 1511 3413 faece

389 3468 589 3533 diffundas».
612 3504 658 3513 —
680 3464 816 3551 sortitas,
841 3465 1049 3531 adverbium:
1074 3468 1200 3532 maiore
1223 3487 1299 3532 cum
1319 3467 1503 3542 sedulitate,
1564 3512 1567 3517 -

389 3584 582 3668 diligentius
614 3584 709 3663 (dixit
740 3584 831 3647 enim
864 3604 964 3667 supra
995 3604 1042 3649 vs.
1077 3585 1138 3649 67:
1176 3582 1282 3649 alecto
1308 3582 1510 3659 ministersg

390 3721 486 3784 ergo:
509 3699 652 3782 largius3
677 3697 811 3783 fortiter
834 3699 925 3763 enim
946 3697 1117 3763 interdum
1140 3698 1228 3764 idem
1244 3700 1312 3762 fere
1329 3696 1510 3781 significate
1570 3734 1571 3738 =

389 3817 500 3900 quod:
533 3815 660 3893 sedulo,
691 3820 731 3880 ut
762 3836 791 3879 e.
823 3837 869 3898 gr.
903 3815 976 3882 lib.
1007 3814 1049 3881 IL
1076 3817 1104 3893 3,
1130 3817 1236 3880 5—6:
1265 3812 1310 3878 «Ο
1335 3834 1405 3897 ego,
1430 3832 1506 3877 aum

390 3933 573 4017 aspicerem
605 3932 786 4008 dominam,
823 3951 923 4013 quam
953 3931 1083 3995 fortiter
1105 3931 1175 3994 illio
1197 3930 1372 3994 Versarem
1395 3928 1512 3994 valido

389 4053 512 4135 pingue
535 4050 681 4115 bidente.
694 4050 835 4114 solum».
859 4086 904 4098 -ψ
919 4046 1007 4114 udde
1024 4066 1167 4127 samum,
1183 4048 1204 4113 i.
1223 4069 1250 4111 e.
1267 4046 1398 4127 potioni
1413 4064 1514 4109 more·

389 4170 540 4231 veterum
575 4185 614 4229 ex
647 4183 734 4246 aqua
767 4163 910 4245 vinoque
944 4163 1055 4229 mixtae
1087 4182 1217 4226 merum
1248 4161 1374 4243 largius
1406 4158 1514 4223 addat

390 4301 524 4357 servus;
556 4280 596 4345 ei
629 4278 699 4343 Tib.
733 4280 758 4343 L
792 4280 822 4357 a,
858 4282 896 4344 1:
933 4277 1042 4342 «Adde
1074 4296 1203 4341 merum
1234 4277 1377 4359 vinoque
1401 4295 1514 4341 novos

389 4416 561 4480 compesce
586 4396 751 4462 dolores».

434 4514 471 4579 V.
508 4515 650 4579 63-64.
685 4510 763 4578 lom
798 4510 929 4577 dudum
964 4508 1067 4594 Syrio
1101 4508 1316 4594 madefactus
1356 4511 1517 4591 temporo:
1595 4532 1599 4535 ·
