3834 5492
863 714 958 759 LYGD.
980 715 1076 761 ELEG..
1093 716 1135 759 IV.

575 890 692 954 Dicere
714 910 785 958 nou
807 895 941 965 norunt,
967 890 1048 974 quid
1071 894 1157 958 ferai
1180 893 1263 958 hora
1288 915 1449 977 sequens:

528 1006 571 1069 At
594 1005 679 1069 mihi
702 1006 846 1069 fatorum
869 1007 961 1089 leges
985 1008 1111 1091 aevique
1135 1009 1238 1072 futuri
1339 1048 1340 1052 =

573 1120 742 1186 Eventnra
765 1125 860 1204 pater
881 1143 980 1205 posse
1004 1123 1115 1188 videre
1138 1124 1239 1191 dedii.

533 1237 640 1317 Quare
663 1258 723 1319 ego
748 1259 820 1321 ques
844 1238 917 1302 dico
937 1258 1011 1305 ‚non
1035 1241 1145 1319 failax,
1171 1243 1291 1324 accipe,
1316 1248 1417 1320 vaces,

454 1382 484 1419 so
575 1354 733 1437 Quodque
757 1356 838 1419 deus
860 1376 938 1420 vero
963 1354 1127 1439 Cynthius
1146 1378 1207 1422 ore
1231 1360 1345 1424 feram.

531 1463 772 1534 Tantum'cara
795 1470 864 1547 tibi,
891 1475 1053 1554 quantum
1076 1493 1138 1537 nee
1160 1471 1230 1537 filia
1248 1476 1360 1551 matri,

577 1584 744 1664 Quantum
759 1605 829 1650 ⁴nec
851 1586 972 1668 cupido
995 1586 1085 1651 bella
1106 1589 1220 1671 puelia
1243 1590 1323 1666 viro,

533 1699 596 1763 Pro
620 1720 685 1783 qua
708 1701 869 1765 sollicitas
892 1703 1037 1767 caelestia
1061 1704 1204 1767 numina
1227 1705 1322 1781 votis,

579 1817 657 1897 Quas
680 1818 742 1882 tibi
765 1838 899 1883 securos
922 1840 992 1883 non
1016 1820 1098 1884 sinii
1120 1821 1169 1884 irc
1193 1819 1264 1885 dies

460 1961 489 1999 ee
536 1933 587 2008 Ec,
612 1954 687 1997 curn
710 1939 743 1997 te
767 1934 860 1998 fusco
884 1932 1030 2000 Somnus
1054 1936 1178 2001 velavii
1201 1937 1334 2013 amicta,

579 2049 711 2114 Vanum
734 2051 907 2114 nocturnis
930 2051 1018 2114 fallit
1041 2050 1250 2132 imaginibus,

535 2165 746 2231 Carminibus
769 2167 936 2231 celebrata
957 2167 1026 2230 ’cuis
1049 2168 1196 2230 formosa
1219 2167 1335 2231 Neaera

581 2281 727 2346 Alterius
750 2283 877 2346 mavult
901 2301 974 2346 esse
998 2282 1111 2363 puella
1133 2282 1206 2357 viri,

535 2395 756 2479 Diversaeque
779 2397 846 2460 tuis
870 2398 975 2478 agitat
997 2417 1093 2460 mens
1117 2395 1221 2477 impia
1243 2416 1349 2474 curas,

461 2539 491 2577 eo
582 2510 648 2575 Nec
670 2511 793 2591 gaudet
815 2517 907 2575 casta
928 2515 1035 2594 nupta
1058 2512 1173 2575 Neaers
1196 2510 1304 2576 domo.

536 2628 564 2689 A
587 2626 719 2697 crudele
742 2648 847 2711 genus
871 2648 933 2691 nec
955 2627 1060 2693 fidum
1084 2628 1209 2692 femina
1231 2630 1374 2692 nomen!

581 2728 752 2827 Apercai,
778 2744 894 2809 didicit
917 2747 1032 2809 fallere
1057 2746 1086 2809 si
1109 2766 1174 2828 qua
1197 2746 1315 2809 viruna

540 2859 604 2925 Sed
626 2860 714 2925 flecti
738 2862 879 2940 poterii:
903 2880 1000 2923 mens
1024 2864 1074 2925 esi
1096 2860 1268 2925 mutabilis
1292 2860 1380 2925 illis:

584 2978 632 3041 Tu
654 2978 753 3041 modo
778 2997 853 3041 curn
877 2976 984 3039 mulia
1008 2976 1161 3039 bracchia
1183 2974 1283 3039 tende
1306 2974 1382 3040 fide.

465 3123 494 3160 re
542 3093 654 3160 Saevus
676 3094 779 3159 Amor
802 3094 915 3159 docuit
937 3091 1066 3157 validos
1089 3095 1254 3173 temptare
1275 3090 1417 3167 labores,

584 3208 696 3275 Saevus
714 3210 817 3274 Amor
839 3209 953 3273 docuit
974 3208 1111 3275 verbera
1134 3228 1233 3291 posse
1256 3208 1338 3291 pati.
1369 3267 1371 3272 .

543 3326 598 3391 Me
622 3327 791 3410 quondam
813 3326 945 3390 Admeti
969 3327 1085 3415 niveas
1107 3326 1240 3407 pavisse
1263 3326 1421 3391 iuvencas

588 3442 663 3507 Non
687 3447 738 3507 esi
760 3444 797 3506 in
819 3462 944 3508 vanum
969 3441 1082 3506 fabula
1104 3440 1182 3505 ficia
1204 3442 1333 3505 iocum:

542 3556 633 3620 Tunc
656 3576 716 3639 ego
739 3576 802 3621 nec
824 3558 953 3621 cithara
975 3560 1126 3640 poteram
1149 3555 1293 3636 gaudere
1317 3576 1438 3621 sonora
1459 3615 1461 3618 .

468 3702 497 3740 το
587 3673 653 3738 Nee
675 3674 804 3738 similes
827 3673 960 3738 chordis
984 3671 1120 3736 reddere
1143 3692 1223 3737 voce
1247 3692 1356 3750 sonos,

546 3786 612 3853 Sed
633 3788 820 3871 perlucenti
842 3793 979 3852 cantum
1002 3786 1186 3851 meditabar
1210 3808 1315 3852 avena

589 3904 651 3967 Ille
674 3924 735 3986 ego
759 3904 897 3969 Laionae
920 3902 1010 3967 fflius
1035 3907 1133 3985 atque
1156 3903 1255 3969 Iovis.

546 4021 661 4085 Nescis
684 4021 765 4105 quid
788 4022 832 4086 sii
855 4041 957 4098 amor,
982 4020 1122 4097 iuvenis,
1148 4020 1177 4085 si
1200 4022 1284 4084 ferre
1307 4038 1440 4082 recusas

591 4136 759 4201 immitem
782 4138 954 4203 dominam
977 4137 1235 4219 coniugiumque
1259 4136 1375 4199 ferum.

471 4282 500 4320 re
548 4253 636 4334 Ergo
658 4272 701 4317 ne
724 4253 840 4318 dubita
862 4253 1002 4318 blandas
1026 4253 1184 4318 adhibere
1208 4251 1377 4334 querelas:

593 4368 780 4434 Vincuntur
801 4369 897 4434 molli
919 4372 1056 4453 pectora
1079 4368 1161 4432 durs
1183 4386 1290 4450 prece.

551 4482 646 4563 Quod
670 4483 699 4546 si
721 4503 799 4547 vera
822 4488 947 4547 canunt
973 4484 1075 4548 saeris
1099 4482 1234 4548 oracula
1256 4481 1400 4564 templis,
