3834 5492
691 775 732 818 sn
752 773 845 818 auen.
866 773 960 817 unns.
981 772 1021 817 1v.
1042 768 1158 816 83—94.
1456 746 1489 797 67

417 954 453 1018 V.
480 954 621 1017 83-88.
650 949 719 1018 Nec
744 950 806 1016 libi
838 947 1043 1015 crediderim
1075 948 1163 1015 cetis
1194 950 1370 1015 centraria
1403 952 1492 1028 vcia,

374 1071 510 1154 supple:
545 1088 627 1144 ease,
662 1089 701 1131 ex
732 1067 843 1132 inesse
875 1087 923 1130 vs.
952 1066 1005 1129 sl.
1030 1103 1073 1109 —-
1097 1066 1182 1131 votis
1206 1064 1380 1131 ccictrmic
1404 1070 1492 1143 cele,

374 1191 413 1250 ut
444 1205 544 1267 supra
575 1205 622 1248 vs.
657 1186 719 1248 59:
760 1183 999 1263 «Diversaeque
1032 1182 1100 1245 tuis
1133 1180 1237 1263 agitat
1267 1202 1363 1246 mens
1392 1183 1495 1264 impia
1595 1189 1599 1194 '

376 1320 501 1364 curas».
535 1336 579 1342 -
613 1299 709 1374 cotia
746 1318 789 1361 sc.
823 1297 928 1374 meis;
963 1298 1003 1361 cf.
1029 1316 1130 1379 supra
1154 1316 1201 1360 vs.
1227 1299 1288 1362 53:
1326 1296 1405 1360 «Pro
1431 1318 1495 1380 qua

139 1462 146 1477 .
240 1470 245 1477 .
378 1415 537 1481 sollicitas
561 1415 705 1477 caelestia
728 1414 867 1477 numina
891 1413 1011 1478 votis».
1046 1450 1088 1456 —-
1116 1414 1252 1496 pectore
1284 1411 1394 1477 inesse
1427 1416 1496 1491 luc,

377 1532 561 1596 insolenter
592 1530 702 1595 inesse
733 1550 809 1593 eum
845 1530 989 1611 simplici
1025 1528 1187 1603 ablativo;
1228 1528 1389 1591 usitatum
1429 1534 1495 1593 est:

379 1650 488 1712 inesse
512 1648 548 1709 in
573 1647 684 1728 aliqua
708 1667 741 1709 re
767 1649 824 1708 aut
848 1645 948 1709 alicui
972 1646 1030 1709 rei.
1065 1682 1108 1688 -
1140 1642 1233 1709 Nem
1256 1647 1286 1711 te
1318 1663 1379 1709 aec
1413 1646 1500 1710 vasli

380 1766 568 1850 geteccmmt
593 1761 863 1845 sequeremini,
888 1761 951 1823 hac
975 1760 1144 1823 locutione
1168 1779 1249 1825 usus
1278 1762 1328 1823 est
1355 1761 1398 1823 sd
1428 1781 1499 1824 cru-

382 1879 552 1943 delitatem
576 1877 816 1960 designandam
833 1878 902 1939 iam
917 1876 1018 1940 Hom.
1037 1875 1075 1939 Il
1093 1874 1177 1939 XVI.
1201 1878 1351 1941 33--342
1367 1876 1501 1964 Νηλεὲς,

384 1996 440 2064 οὐκ
463 1997 526 2080 ἄρα
549 2001 633 2076 σοίγε
659 1999 759 2080 πατὴρ
792 1992 829 2081 ἦν
864 1990 973 2058 ἱππότα
1008 1991 1132 2079 Πηλεὺς
1166 1989 1247 2058 Οὐδὲ
1280 1992 1368 2067 Θέτις
1402 2001 1502 2083 μήτηρ

383 2117 500 2201 γλαυκὴ
525 2114 559 2177 δέ
584 2136 619 2177 σε
643 2117 723 2177 τίκτε
747 2112 909 2175 θάλασσα.
933 2148 978 2154 -—
997 2107 1066 2175 Nee
1084 2110 1263 2195 (lammam
1286 2110 1423 2176 solvens
1448 2130 1505 2177 ore

387 2228 559 2296 Chimera
590 2229 674 2315 scre,
705 2232 902 2304 monstrum,
936 2228 977 2291 dc
1011 2248 1075 2310 quo
1107 2226 1244 2292 Hesiod.
1278 2229 1400 2311 Theog.
1430 2230 1503 2294 319.

387 2368 476 2430 sqq.:
506 2346 714 2430 Χίμαιραν..
733 2396 741 2409 .
757 2350 909 2409 ττιέοοααν
938 2340 1151 2431 ἀμαιμάκετον
1174 2354 1284 2428 πῦρ..
1303 2393 1310 2408 .
1327 2343 1392 2432 Τῆς
1418 2344 1444 2409 δ’
1469 2341 1506 2430 ἦν

387 2467 467 2546 τρεῖς
491 2461 638 2549 κεφαλαί·
663 2464 718 2545 μία
742 2464 797 2545 μὲν
820 2468 972 2545 χαροποῖο
996 2461 1130 2536 λέοντος,
1154 2457 1194 2522 Ἡ
1227 2459 1261 2523 δὲ
1293 2466 1454 2547 χιμαίρης,
1487 2461 1506 2549 ἡ

389 2576 416 2641 δ’
450 2576 549 2665 ὄφιος,
581 2586 743 2660 κρατεροῖο
777 2575 958 2659 δράκοντος.
993 2573 1040 2639 cf.
1076 2574 1206 2639 Lucret.
1240 2574 1278 2639 V.
1312 2578 1506 2642 ebsffleee:

394 2692 576 2757 «Chimaera
600 2691 664 2756 Ore
688 2694 777 2755 ieras
797 2712 907 2755 acrem
922 2690 1020 2755 flaret
1035 2689 1076 2753 de
1093 2710 1231 2772 corpore
1247 2689 1416 2755 flammam
1423 2716 1449 2757 c,
1468 2732 1511 2737 -

390 2809 569 2894 [lucernum
602 2810 751 2887 volvens,
784 2806 979 2884 evomendo,
1011 2812 1048 2871 ut
1070 2806 1165 2889 Verg.
1192 2806 1251 2872 Ge.
1275 2809 1299 2871 Ι.
1325 2811 1407 2874 47⁶2:
1438 2811 1510 2874 «Vi-

393 2923 576 2987 dimus...
598 2925 741 2987 Aetnam
780 2923 1074 3005 Flammarumque
1113 2921 1229 3004 globos
1267 2922 1509 3008 liquefactaque

392 3040 522 3105 volvere
546 3061 642 3106 saxa»
671 3047 703 3103 et
726 3039 804 3103 ibid.
829 3039 887 3103 Ill
906 3042 967 3104 85:
997 3038 1264 3123 «Collectumque
1281 3043 1426 3108 fremens
1441 3045 1510 3108 vol·

393 3156 442 3219 vit
464 3157 525 3219 sub
548 3156 687 3220 naribus
709 3157 854 3238 ignemn.
879 3192 924 3199 -
946 3151 1017 3221 Nec
1032 3156 1128 3220 cuais
1145 3156 1317 3240 esquiliae
1332 3156 1511 3225 redimitus

395 3274 491 3357 terga
513 3276 659 3353 caterva,
682 3271 854 3348 Carbonis,
879 3272 920 3336 de
945 3294 1010 3355 quo
1034 3273 1113 3339 Hor.
1140 3272 1246 3339 Carm.
1272 3275 1331 3339 ΙΙΙ.
1359 3279 1514 3355 11,17—

399 3389 457 3452 18;
476 3387 644 3468 «quamvis
657 3388 775 3451 furiale
788 3392 923 3451 centum
936 3387 1093 3452 Muniant
1108 3408 1232 3469 angues
1249 3394 1349 3472 caput
1365 3392 1514 3455 eius».-

398 3502 572 3587 auguiuea
603 3501 783 3568 redimitus
818 3507 915 3589 larga
947 3504 1093 3581 caterve,
1118 3506 1158 3568 cf.
1183 3503 1302 3569 Catull.
1328 3508 1379 3583 64,
1408 3506 1515 3572 193-

401 3618 480 3683 194:
511 3617 739 3686 «Eumenides.
761 3618 881 3700 quibus
901 3618 1050 3699 anguino
1066 3618 1222 3682 redimita
1237 3620 1359 3702 capillo
1376 3620 1514 3686 Frons».

442 3735 480 3799 V.
506 3735 648 3800 sti-94.
673 3716 856 3821 Scyllaque
879 3736 1159 3820 virgiacemem„
1178 3755 1241 3801 vss.
1260 3737 1402 3802 89-91.
1419 3744 1517 3821 poeta

400 3852 640 3915 contaminavit
662 3850 783 3917 Catull.
809 3854 862 3924 60,
890 3852 993 3916 1-3:
1032 3851 1136 3914 «Num
1159 3856 1191 3914 te
1215 3851 1321 3915 leaena
1347 3854 1518 3917 montibus

397 3946 585 4049 Libystinis
608 3969 675 4031 Aut
698 3966 809 4049 Scylla
831 3969 960 4032 latrans
984 3966 1100 4031 infima
1123 3967 1300 4049 inguinum
1323 3973 1415 4049 paite
1440 3968 1520 4031 Tam

401 4087 514 4148 mente
538 4082 621 4146 dura
643 4082 829 4165 procreavit
852 4101 890 4145 ac
905 4086 1041 4146 taetraa
1069 4083 1102 4143 et
1118 4078 1238 4145 Catull.
1255 4082 1307 4155 64,
1328 4084 1520 4147 154-156ε

408 4197 586 4277 «Quaenam
602 4203 634 4261 te
650 4200 767 4281 genuit
786 4200 858 4262 sola
882 4198 943 4262 sub
967 4218 1050 4280 rupe
1072 4197 1186 4272 leaena,
1213 4195 1308 4274 Quod
1331 4218 1422 4261 mere
1446 4218 1522 4262 con·

404 4317 537 4393 ceptum
561 4314 795 4395 spumantibus
820 4312 950 4395 exspuit
970 4309 1079 4388 undis,
1097 4310 1176 4389 Quae
1193 4308 1308 4393 Syrtis,
1326 4332 1397 4393 quae
1415 4310 1524 4395 Scylla

278 4444 289 4472 ·
405 4447 514 4510 rapas
540 4448 611 4510 quae
635 4433 729 4495 vasta
753 4427 975 4510 charybdium
1003 4464 1048 4471 -
1070 4425 1260 4512 virgi-neem
1276 4425 1418 4492 canibus
1441 4446 1523 4491 suc-

404 4542 516 4608 cincte
537 4545 698 4631 figuram,
724 4542 834 4627 Scylla
857 4544 921 4608 luit
943 4544 1047 4626 virgo,
1073 4543 1168 4606 cuius
1184 4562 1303 4624 corpus
1326 4542 1363 4605 in
1386 4541 1523 4606 caudam

1386 4664 1420 4715 5*
