3834 5492
721 702 815 746 uren.
836 702 928 747 nuno.
949 702 985 748 11.
1005 702 1045 746 nr
1063 702 1112 747 111.
1445 682 1474 735 1¹

491 878 618 961 Eoique
642 878 776 954 Arabes,
801 878 937 961 pinguis
961 883 995 942 et
1016 880 1160 961 Assyria,

448 995 490 1059 Et
513 996 620 1059 nostri
643 1015 809 1060 memores
832 996 979 1059 leorimae‘
1001 994 1185 1059 fundantur
1207 994 1343 1059 eodem:
1447 1024 1476 1063 ss

494 1108 548 1175 Sio
571 1130 632 1192 ego
655 1111 811 1192 oomponi
834 1130 950 1175 versus
974 1112 1011 1173 in
1035 1130 1112 1175 ossa
1133 1110 1245 1175 velim
1271 1160 1274 1163 -
1335 1156 1338 1161 ·

450 1224 515 1291 Sed
536 1228 667 1291 tristem
691 1228 808 1294 mortis
832 1228 1040 1292 demonstret
1062 1227 1174 1291 littera
1197 1246 1333 1291 oausam

492 1343 599 1427 Atque
624 1345 694 1408 haeo
716 1345 753 1408 in
776 1343 897 1409 eelebri
921 1344 1073 1407 earmina
1096 1344 1206 1407 fronte
1230 1346 1343 1409 notet:
1383 1338 1385 1343 ’

454 1457 661 1541 «Lygdamus
677 1460 732 1523 hio
749 1461 833 1523 situs
850 1464 919 1524 est:
942 1458 1039 1524 dolor
1055 1460 1133 1523 huie
1150 1462 1182 1522 et
1198 1478 1278 1523 eura
1291 1459 1424 1537 Neaerae,

494 1571 655 1657 Coniugis
680 1578 809 1657 erepta,
834 1594 935 1639 eausa
958 1575 1066 1657 perire
1092 1575 1186 1638 fuit».

886 1876 946 1941 HL

451 2037 538 2117 Quid
560 2037 696 2120 prodest
719 2038 837 2102 eaelum
860 2038 947 2101 votis
971 2038 1139 2121 implesse,
1164 2038 1289 2115 Neaera,

494 2152 690 2235 Blandaque*
711 2174 787 2218 eum
810 2154 917 2217 multa
938 2158 1016 2217 tura
1039 2152 1169 2218 dedisse
1192 2174 1298 2237 prees,

451 2269 526 2334 Non
549 2275 587 2334 ut
608 2272 787 2335 marmorei
810 2270 980 2352 prodirem
1004 2291 1021 2334 s
1044 2270 1161 2334 limine
1185 2272 1273 2349 teeti,

494 2386 642 2467 Insignis
666 2387 756 2450 olera
778 2386 1044 2469 conspicuusque
1068 2385 1177 2460 domo,

450 2503 517 2567 Aut
538 2506 577 2566 ut
598 2502 706 2566 multu
728 2502 796 2565 mei
817 2507 1018 2566 renovarent
1040 2503 1155 2584 iugera
1178 2503 1266 2566 tauri
1466 2534 1480 2571 ε

496 2617 540 2682 Et
561 2637 701 2700 magnas
723 2637 850 2682 messes
873 2621 962 2681 terra
985 2617 1130 2700 benigna
1154 2617 1257 2695 daret,

454 2730 519 2797 Sed
541 2736 652 2797 tooum
675 2736 713 2796 ut
735 2732 843 2813 longae
868 2732 1030 2796 sociarem
1054 2732 1176 2815 gaudia
1199 2734 1274 2797 vitae

497 2848 602 2931 Inque
625 2851 684 2910 tuo
708 2847 840 2910 eederet
861 2851 978 2911 nostra
1003 2851 1136 2912 senecta
1159 2848 1247 2925 sinu,

453 2964 536 3028 Tum
559 2984 636 3028 eum
659 2982 837 3047 permenso
862 2962 1039 3027 defunetus
1061 2967 1211 3045 tempore
1236 2964 1320 3028 lueis

499 3080 615 3145 Nudus
639 3080 775 3144 Lethaea
798 3098 933 3162 cogerer
954 3080 1002 3143 ire
1026 3082 1122 3143 rato?
1456 3108 1484 3147 ιο

456 3196 540 3260 Num
563 3216 662 3277 grave
686 3193 766 3276 quid
789 3172 925 3276 prodest
948 3194 1080 3276 pondus
1103 3194 1188 3257 mihi
1211 3194 1323 3258 divitis
1347 3194 1429 3270 auri,

500 3312 651 3394 Arvaque
675 3313 705 3375 si
727 3310 857 3376 findant
878 3311 1018 3394 pinguia
1041 3310 1134 3374 millo
1157 3310 1283 3375 boves?

458 3426 585 3506 Quidve
608 3427 727 3493 domus
749 3428 886 3510 prodest
907 3426 1060 3509 Phrygiis
1083 3427 1199 3490 innixa
1221 3426 1395 3500 columnis,

502 3543 635 3608 Taenare
660 3544 729 3609 sive
752 3545 830 3620 tuia
853 3545 923 3609 sive
947 3542 1083 3626 Caryste
1106 3543 1184 3619 tuis,

458 3660 500 3723 Et
522 3678 664 3723 nemora·
679 3660 721 3727 ‚in
744 3659 899 3723 domibus
923 3678 1035 3723 saeros
1058 3658 1227 3721 imitantia
1249 3656 1342 3721 luens
1459 3685 1487 3723 ιε

406 3760 413 3771 ’
502 3776 699 3858 durataque
723 3775 835 3840 trabes
858 3793 1148 3856 marmoreumque
1173 3773 1334 3838 solum?·

460 3894 588 3975 Quidve
610 3894 647 3957 in
669 3892 842 3975 Erythraeo
865 3893 989 3974 legitur
1011 3911 1084 3974 quae
1107 3891 1204 3956 litore
1228 3890 1355 3971 coneha

502 4010 684 4092 Tinctaque
708 4007 847 4075 Sidonio
871 4009 997 4074 muriae
1021 4008 1101 4072 lana
1122 4006 1225 4084 iuvat,

460 4127 502 4192 Et
525 4147 597 4210 quae
620 4130 781 4209 praterea
803 4126 949 4208 populus
973 4124 1138 4188 miratur?
1160 4123 1201 4187 In
1225 4122 1311 4186 illis·
1501 4194 1503 4199 ,

505 4242 636 4308 Invidia
659 4247 728 4307 est:
754 4242 839 4306 falso
863 4242 1011 4324 plurimu
1032 4241 1152 4322 vulgus
1175 4242 1277 4303 amat
1319 4298 1321 4301 ,
1460 4265 1490 4304 20

461 4360 535 4424 Non
560 4360 679 4441 opibus
701 4362 833 4423 mentes
855 4358 1033 4423 hominum
1056 4376 1216 4440 ouraeque·
1230 4356 1399 4421 levantur:

505 4474 591 4539 Nam
615 4477 751 4540 fortuna
775 4495 838 4539 sua
857 4479 1009 4555 tempore
1032 4474 1105 4555 lege
1127 4474 1222 4555 regit
1324 4498 1326 4501 ·
1355 4484 1358 4489 '
