3834 5492
798 731 893 775 LYGD.
913 730 1007 775 ELEG.
1027 726 1071 774 Vl.

508 910 551 972 Et
573 908 671 972 nobis
695 927 801 989 prona
824 906 926 970 funde
949 904 1094 969 Falerna
1117 926 1230 969 manu.

464 1024 514 1086 Ite
536 1024 653 1105 procul
677 1021 797 1085 durum
817 1040 902 1084 curae
927 1040 1042 1101 genus,
1067 1020 1113 1083 ite
1136 1018 1290 1084 labores:

509 1138 655 1201 Fulserit
677 1138 732 1199 hic
754 1137 862 1200 niveis
883 1135 1002 1199 Delius
1026 1134 1182 1199 alitibus!

362 1317 373 1331 ,
463 1253 531 1316 Vos
554 1252 654 1317 modo
677 1252 849 1335 proposito
873 1252 987 1315 dulces
1011 1250 1150 1314 faveatis
1174 1251 1284 1331 amici,

511 1370 600 1433 Neve
624 1376 725 1450 neget
749 1367 925 1450 quisquam
948 1388 1002 1431 mc
1027 1366 1108 1430 duee
1134 1387 1168 1431 se
1192 1368 1367 1431 comitem:
1469 1396 1500 1432 ιο

464 1485 532 1547 Aut
555 1485 583 1546 si
607 1484 681 1565 quis
704 1484 775 1546 vini
799 1487 969 1546 certamen
993 1482 1073 1544 mite
1099 1486 1238 1555 recusat,
1334 1490 1336 1495 ’

509 1599 621 1662 Fallat
645 1618 722 1662 eum
744 1601 832 1661 tacto
857 1617 933 1660 cara
955 1597 1069 1679 puella
1092 1595 1179 1660 dolo.

465 1716 527 1779 ille
551 1716 631 1778 facit
653 1715 751 1779 mites
776 1713 908 1777 animos
933 1712 1023 1787 deus,
1048 1712 1106 1776 ille
1131 1714 1275 1776 ferocem

511 1830 673 1895 Contudit
698 1834 730 1893 et
753 1829 898 1894 dominae
921 1829 1015 1893 misit
1038 1830 1074 1891 in
1099 1830 1283 1905 arbitrium,

465 1948 642 2010 Armenias
666 1948 769 2029 tigres
794 1949 826 2009 et
849 1946 959 2009 fulvas
983 1945 1040 2009 ille
1065 1947 1189 2009 leaenas
1263 2005 1265 2008 ,

512 2062 599 2127 Vicit
623 2067 655 2127 et
678 2062 853 2126 indomitis
876 2062 994 2125 mollia
1017 2061 1116 2125 corda
1139 2060 1239 2125 dedit.

466 2179 546 2242 Haec
568 2180 671 2243 Amor
695 2183 728 2243 et
750 2179 879 2243 maiora
902 2179 999 2242 valet.
1026 2176 1092 2241 Sed
1114 2177 1240 2259 poscite
1264 2176 1383 2239 Bacchi

512 2292 672 2356 Munera:
696 2302 794 2374 quem
817 2296 967 2357 vestrum
990 2293 1110 2376 pocula
1134 2292 1220 2355 sicea
1244 2292 1384 2355 iuvant?

469 2404 633 2470 Convenit
657 2426 695 2470 ex
719 2428 812 2490 aequo
836 2429 898 2471 nec
921 2412 1037 2473 torvus
1060 2408 1161 2471 Liber
1185 2407 1220 2469 in
1246 2406 1323 2482 illis,

514 2523 578 2601 Qui
602 2544 636 2587 se
661 2524 782 2607 quique
805 2546 874 2590 una
897 2528 977 2589 vina
1000 2526 1113 2589 iocosa
1138 2525 1271 2588 colunt:

471 2637 634 2702 Convenit
657 2641 762 2705 iratus
789 2643 932 2706 nimium
956 2641 1167 2722 nimiumque
1194 2658 1347 2703 severos:

513 2754 576 2833 Qui
599 2755 697 2819 timet
719 2758 796 2820 irati
820 2758 962 2822 numina
985 2778 1116 2839 magna,
1142 2756 1243 2821 bibat.

469 2868 590 2945 Quales
614 2870 668 2934 his
690 2891 808 2953 poenas
832 2873 940 2954 qualis
966 2879 1175 2955 quantusque
1199 2872 1356 2946 minetur,

512 2982 664 3047 Cadmeae
688 2986 806 3050 matris
828 2987 940 3068 praeda
963 2991 1100 3050 cruenta
1124 2987 1228 3050 docet.

469 3096 533 3161 Sed
548 3099 665 3179 procul
681 3120 699 3163 a
716 3100 813 3164 nobis
829 3102 884 3165 hic
901 3104 945 3165 sit
959 3104 1068 3177 timor,
1087 3102 1221 3183 illaque,
1238 3100 1348 3182 siqua
1365 3102 1422 3169 est,

514 3213 600 3291 Quid
623 3216 732 3279 valeat
755 3218 827 3281 laesi
851 3220 974 3282 sentiat
997 3220 1046 3283 ira
1071 3218 1132 3282 dei.

469 3328 555 3407 Quid
577 3350 694 3411 precor
718 3352 738 3395 a
761 3333 924 3397 demens?
945 3334 1046 3399 Venti
1070 3335 1251 3400 temeraria
1273 3336 1351 3396 vota

511 3446 618 3509 Aerias
643 3451 676 3512 et
699 3450 806 3514 nubes
830 3450 1019 3535 diripienda
1044 3454 1161 3517 ferant.

470 3551 628 3637 Quamvis
650 3566 745 3629 nulla
768 3568 835 3631 mei
859 3573 1012 3651 superest
1034 3569 1097 3632 tibi
1121 3588 1207 3643 cura,
1233 3566 1357 3642 Neara,

514 3673 566 3739 Sis
589 3679 668 3743 felix
691 3686 724 3744 et
748 3683 816 3746 sint
838 3683 979 3748 eandida
1004 3686 1161 3747 letatus.

469 3791 510 3853 At
533 3811 595 3855 nos
619 3812 742 3858 securae
766 3798 944 3864 reddamus
968 3804 1119 3883 tempora
1142 3819 1284 3863 mensae:

513 3904 613 3970 Venit
635 3911 713 3989 post
734 3912 860 3975 multos
882 3935 951 3977 una
975 3935 1092 3979 serena
1115 3914 1193 3978 dies.

468 4021 508 4083 Ei
531 4023 626 4098 mihi,
651 4022 786 4089 difficile
811 4030 861 4091 est
883 4029 1008 4093 imitari
1032 4030 1153 4111 gaudia
1177 4030 1269 4104 falsa,

514 4135 657 4202 Difficile
683 4142 734 4203 est
756 4141 845 4205 tristi
868 4142 992 4225 fingere
1017 4151 1129 4209 mente
1152 4147 1274 4223 iocum,

453 4253 536 4327 'Nec
559 4255 644 4318 bene
667 4257 821 4321 mendaci
844 4260 932 4325 risus
956 4264 1168 4344 componitur
1192 4282 1257 4337 ore,

514 4370 582 4433 Nec
604 4370 689 4435 bene
714 4375 866 4440 sollicitis
892 4378 985 4442 ebria
1006 4380 1107 4443 verba
1131 4384 1261 4443 sonant.

471 4486 558 4563 Quid
582 4509 703 4571 queror
724 4492 868 4557 infelix?
890 4494 1015 4577 Turpes
1040 4494 1198 4559 discedite
1222 4514 1323 4557 curae:

436 4629 567 4681 Nemeum:
582 4634 699 4684 Lyqdami
710 4637 833 4677 carratas.
1376 4614 1392 4663 ⁹2
