3834 5492
737 724 779 767 rr>
797 724 893 769 1111.
914 724 1006 770 armo.
1027 726 1049 770 1.
1070 722 1151 769 1-1
1476 704 1505 757 31

386 920 456 964 111
487 919 563 963 cum
593 900 746 965 versibus
777 899 855 977 illis,
886 902 943 983 qui
966 919 1056 964 nuno
1080 901 1117 963 in
1139 900 1226 964 libro
1251 910 1368 983 quarto
1392 902 1509 983 legun·

386 1019 450 1091 tur,
475 1015 604 1081 adiecta
627 1021 660 1081 et
681 1017 718 1079 11
741 1036 848 1079 unum
871 1036 991 1099 corpus
1014 1015 1147 1079 redacta
1169 1015 1295 1099 publici
1316 1016 1399 1081 iuris
1423 1018 1509 1081 facta

386 1136 475 1208 sunt
501 1133 688 1197 accuratius
710 1130 849 1197 definire
872 1152 942 1196 non
959 1151 1149 1216 possumus.
1183 1131 1281 1196 Edita
1313 1132 1381 1195 iam
1415 1136 1510 1196 erant

387 1253 476 1312 certe
500 1250 687 1330 imperante
711 1247 861 1327 claudie,
886 1268 967 1313 nam
991 1247 1118 1315 Seneca
1140 1249 1177 1312 in
1199 1248 1371 1331 tragoediis
1388 1248 1508 1331 saepius

386 1366 539 1429 imitatur
560 1366 779 1447 Lygdamum,
803 1369 841 1429 ut
864 1364 952 1430 infra
975 1368 1011 1429 in
1035 1363 1309 1429 adnotationibus
1334 1364 1509 1445 exegeticis

387 1502 449 1546 suo
471 1482 546 1548 loco
570 1482 771 1548 docebimus.

932 1668 957 1732 Ι.

432 1824 692 1913 Argumentum.
736 1827 898 1891 Kalendis
936 1826 1075 1904 Martiis,
1126 1829 1210 1892 festo
1257 1825 1506 1902 Matronalium,
1566 1904 1569 1906 ‚

387 1943 578 2027 Lygdamus
602 1944 643 2009 ab
667 1965 768 2009 uxore
796 1945 911 2008 Neaera
936 1945 1070 2008 relictus
1093 1948 1190 2026 rogat
1212 1944 1336 2019 Musas,
1362 1963 1507 2026 quonam

388 2062 515 2125 honore
547 2060 673 2125 donare
706 2060 824 2125 debeat
855 2062 1005 2143 puellam
1040 2062 1104 2125 sibi
1140 2062 1241 2125 etiam
1275 2080 1365 2124 nuuc
1398 2080 1508 2124 caram

385 2177 519 2256 (1—6.).
546 2176 702 2259 Sequitur
724 2199 923 2261 responsum
945 2178 1129 2255 Musarum,
1155 2198 1227 2261 quae
1251 2198 1327 2241 eum
1350 2178 1508 2241 volumen

388 2294 575 2355 carminum
609 2313 746 2357 suorum
780 2294 902 2358 Neaerae
938 2295 1070 2359 mittere
1111 2295 1227 2359 iubent
1261 2294 1508 2376 elegantissime

390 2409 544 2469 ornatum
576 2407 729 2487 (7-14.).
763 2409 864 2473 Poeta
896 2410 1017 2473 deinde
1044 2410 1166 2474 iterum
1189 2410 1371 2492 alloquitur
1393 2407 1508 2472 Musas

386 2524 422 2583 et
445 2525 526 2597 orat,
551 2526 590 2586 ut
611 2523 692 2605 ipsae
715 2524 838 2589 librum
861 2525 984 2589 Neaerae
1008 2524 1159 2589 deferant
1182 2525 1359 2605 (lb—lid).
1382 2524 1423 2588 In
1441 2522 1507 2587 fine

386 2636 547 2701 mandata
569 2639 612 2701 iis
635 2638 692 2703 dat
714 2640 756 2704 ad
780 2642 938 2723 puellam,
968 2643 1063 2707 cuius
1096 2642 1239 2723 gratiam
1272 2661 1385 2705 amore
1417 2640 1507 2705 fideli

387 2750 452 2813 sibi
476 2753 684 2818 reconciliari
707 2775 806 2837 posse
831 2759 943 2838 sperat
966 2757 1143 2837 (ul-ua).

432 2866 532 2931 Festo
555 2868 796 2935 Matronalium
821 2892 840 2935 a
862 2874 1026 2937 matronis
1060 2876 1093 2936 et
1123 2872 1246 2954 puellis
1278 2871 1439 2937 Romanis
1472 2872 1508 2933 in

388 2982 551 3047 bonorem
573 2985 716 3051 Iunonis
740 2987 874 3052 Lucina
899 2989 1065 3054 celebrato
1081 2988 1278 3054 mulieribus
1294 2988 1415 3063 mariti,
1432 3007 1508 3069 pro·

387 3098 505 3179 pinqui
530 3102 561 3161 et
585 3102 685 3164 amici
708 3122 849 3167 munera
872 3105 1004 3169 mittero
1029 3105 1191 3169 solebant.
1224 3104 1284 3167 Est
1315 3104 1417 3185 igitur
1444 3104 1508 3167 hoc

387 3229 522 3275 carmen
554 3212 718 3279 dedicatio
751 3217 841 3294 doni,
866 3218 991 3284 donum
1016 3224 1128 3284 autem
1151 3219 1261 3303 ipsum
1285 3222 1437 3283 constare
1460 3220 1508 3283 vi-

387 3324 485 3389 detur
508 3348 546 3391 ex
569 3331 782 3410 carminibus,
808 3354 880 3417 quae
904 3342 1097 3420 sequuntur,
1124 3337 1231 3400 tribus
1243 3336 1412 3416 (II-Iu),
1436 3336 1507 3417 qui-

387 3440 448 3507 bus
479 3443 670 3528 Lygdamus
702 3452 853 3515 animum
885 3454 1007 3517 Neaera
1044 3455 1176 3519 mollire
1212 3472 1360 3535 eamque,
1396 3456 1435 3516 ut
1466 3452 1507 3515 ad

387 3560 545 3623 maritum
567 3562 700 3629 fidelem
724 3567 846 3646 redeat
871 3590 1064 3652 permovere
1087 3570 1169 3633 vult.

431 3673 481 3737 Ad
504 3680 612 3741 toturn
635 3699 770 3746 carmen
793 3686 834 3749 ci.
859 3686 929 3750 Tib.
952 3686 1008 3751 IV.
1034 3687 1075 3762 1.,
1099 3686 1157 3749 ubi
1190 3684 1343 3749 kalendis
1375 3682 1507 3747 Martiis

388 3786 543 3872 Sulpicia
567 3792 697 3859 dedicat
719 3818 836 3864 versus
860 3822 939 3866 suos
963 3802 1029 3882 (IV.
1054 3803 1164 3882 3-6.)
1187 3804 1223 3867 11
1247 3802 1410 3866 honorem
1435 3801 1506 3865 eius

385 3905 536 3987 scriptos.

430 4134 468 4201 V.
496 4138 591 4205 1-4.
612 4138 733 4208 Martis
748 4194 756 4207 .
774 4194 782 4209 .
799 4196 806 4208 .
825 4146 988 4227 baletsdae,
1005 4149 1156 4213 kalenda
1171 4148 1319 4225 Martiae;
1343 4148 1506 4212 Romulus

388 4252 479 4326 enim
502 4274 654 4355 mensem
677 4260 824 4342 primum
848 4264 928 4327 anni
944 4263 1088 4328 Romani
1107 4285 1125 4329 a
1141 4266 1279 4329 nomine
1295 4265 1399 4346 patris
1417 4260 1505 4325 Mar-

385 4365 471 4430 tium
494 4388 630 4436 vocasse
654 4375 868 4456 credebatur;
893 4380 933 4443 cf.
959 4378 1017 4444 01.
1047 4377 1137 4443 Fast.
1170 4380 1228 4443 ΠΙ.
1255 4379 1395 4444 73-76.
1429 4378 1505 4459 (Ro-

386 4482 498 4548 mulus
521 4486 564 4550 ad
586 4487 760 4572 Martem):
789 4494 937 4558 «Arbiter
961 4516 1139 4572 armorum,
1165 4494 1204 4560 de
1229 4496 1324 4559 cuius
1343 4496 1506 4576 sanguine
