3834 5492
463 1529 881 1616 PANEGYRICUS
908 1530 975 1613 IN
1003 1528 1395 1615 MESSALLAM.

462 1849 516 1927 Te,
540 1849 708 1926 Messalla,
726 1870 855 1928 oanam,
873 1870 1077 1932 quamquam
1101 1854 1159 1913 tua
1183 1851 1315 1933 cognita
1339 1852 1445 1915 virtus

461 1966 583 2037 Terret.
607 1986 650 2029 ne
673 1965 812 2029 infirmae
835 1970 1004 2049 nequeant
1029 1967 1208 2031 subsistere
1231 1968 1327 2031 vires.

460 2082 623 2163 Inoipiam
645 2086 768 2146 tamen.
793 2082 821 2144 A
844 2082 972 2147 meritis
997 2080 1025 2147 si
1049 2084 1197 2147 earmina
1221 2084 1345 2160 laudea

459 2195 642 2260 Deficient:
667 2198 805 2260 humilis
827 2198 931 2260 tantis
955 2198 1018 2261 sim
1043 2197 1195 2260 conditor
1219 2199 1310 2273 sotis,
1373 2228 1377 2234 ·

461 2311 527 2375 Neo
549 2317 607 2375 tua
630 2317 749 2394 praeter
772 2316 804 2375 te
828 2312 952 2376 ohartis
976 2314 1122 2375 intexere
1147 2313 1322 2395 quisquam
1383 2316 1386 2321 '
1476 2342 1489 2379 5

461 2427 563 2491 Facta
586 2431 693 2510 queat,
719 2428 815 2492 diotis
838 2433 969 2492 utnon
993 2431 1121 2494 maiora
1145 2431 1324 2512 supersint.

461 2544 517 2609 Est
541 2545 638 2609 nobis
661 2546 807 2609 voluisse
831 2546 922 2621 satis,
947 2566 1009 2609 neo
1034 2567 1174 2610 munera
1197 2566 1299 2629 parva

431 2666 433 2669 ’
460 2661 660 2744 Respuet-is:
684 2663 785 2725 etiam
809 2662 932 2727 Phoebo
957 2664 1146 2746 gratissIma
1170 2663 1258 2727 dona

462 2777 540 2842 Ores
563 2779 650 2854 tulit,
677 2786 709 2841 et
732 2777 859 2841 eunetis
882 2778 1012 2867 Bsooho
1037 2780 1213 2844 iucundior
1237 2781 1360 2861 hospes

420 2920 424 2925 ·
462 2895 585 2970 Ioarus,
611 2899 649 2957 ut
671 2914 755 2975 puro
779 2899 945 2959 testantur
970 2896 1078 2959 sidera
1101 2897 1180 2960 eaelo
1463 2927 1491 2964 ιο

460 3012 669 3094 Erigoneque
694 3011 868 3095 Canisque,
894 3018 995 3095 negot
1018 3032 1060 3075 ne
1084 3014 1215 3095 longior
1239 3016 1328 3077 aetas.

462 3128 551 3207 Quin
575 3130 675 3192 etiam
699 3130 839 3205 Alcides,
866 3130 947 3193 deus
973 3149 1172 3193 ascensurus
1196 3128 1383 3211 Olympum,

461 3243 553 3307 Laeta
576 3243 777 3309 Molorcheis
800 3246 913 3327 posuit
935 3246 1076 3325 vestigia
1099 3242 1204 3319 tectis,

460 3359 630 3442 Parvaque
654 3362 795 3424 oaelestis
818 3362 962 3443 placavit
985 3362 1080 3434 mica,
1106 3380 1167 3424 neo
1191 3360 1258 3423 illis

462 3473 599 3558 Semper
622 3477 776 3540 inaurato
799 3481 915 3541 taurus
940 3476 1028 3541 oadit
1052 3477 1162 3540 hostia
1186 3476 1309 3539 cornu(
1373 3558 1375 3563 ,
1462 3506 1489 3543 ιε

461 3592 525 3655 Hie
549 3612 680 3675 quoque
705 3594 749 3656 sit
771 3597 885 3674 gratus
908 3612 1030 3675 parvus
1054 3592 1156 3660 labor.
1175 3595 1213 3655 ut
1235 3592 1294 3655 tibi
1319 3594 1446 3673 possim

461 3706 543 3769 Inde
567 3708 651 3771 alios
675 3709 824 3790 aliosque
847 3728 977 3772 memor
1000 3728 1198 3789 componere
1222 3728 1345 3771 versus.

506 3822 599 3885 Alter
621 3823 709 3886 dieat
732 3843 816 3904 opus
839 3824 954 3905 magni
977 3822 1130 3887 mirabile
1154 3822 1280 3897 mundi,

463 3937 577 4017 Qualis
600 3940 637 4001 in
660 3940 826 4002 immenso
850 3938 1016 4002 desederit
1040 3958 1114 4001 aere
1137 3938 1247 4014 tellus

462 4054 577 4133 Qualis
601 4057 634 4118 et
657 4054 692 4116 in
715 4074 852 4118 curvum
875 4059 1000 4137 pontus
1025 4053 1221 4117 confluxerit
1245 4055 1378 4131 orbem3
1462 4083 1491 4121 eo

462 4167 507 4233 Ut
529 4190 640 4251 vagus,
667 4190 684 4233 e
708 4170 805 4234 terris
829 4191 894 4253 qua
917 4190 1051 4252 surgere
1074 4170 1201 4245 nititur,
1228 4190 1292 4245 aer,

462 4286 561 4350 Huno
586 4291 619 4351 et
643 4288 985 4369 complexuspassim
1008 4286 1091 4349 fluat
1115 4286 1233 4368 igneus
1258 4286 1367 4361 aether,

462 4400 689 4483 Pendeutique
715 4422 815 4483 super
837 4402 1036 4465 claudantur
1059 4406 1097 4465 ut
1121 4401 1235 4465 omnio
1259 4400 1348 4463 oaelo.

462 4520 504 4583 At
527 4520 757 4601 quodcumque
781 4539 864 4582 meae
887 4520 1045 4599 poterunt
1069 4516 1189 4581 audere
1214 4515 1375 4580 Camenae.

1352 4636 1385 4689 2*
