3834 5492
431 671 465 734 92
843 690 884 734 sn
903 688 1137 736 reaumaus.

433 871 479 943 sic
512 869 666 933 statuisse
698 867 877 944 modum»;
912 866 995 931 adde
1022 866 1119 949 Prop.
1143 865 1169 930 l.
1195 867 1247 943 ll),
1275 865 1422 933 15-162
1453 863 1550 942 «Quae

433 985 538 1053 miser
559 983 682 1066 ignotis
707 1001 804 1049 emor
824 1003 1003 1065 perpessus
1026 981 1148 1052 inoris
1163 981 1351 1044 Herculis».
1369 1016 1414 1023 -
1428 979 1549 1060 Paneg.

437 1102 520 1168 11οε
557 1101 656 1181 «Quis
690 1097 941 1186 Amythaonius
965 1101 1109 1182 nequeat
1131 1101 1258 1162 certare
1281 1094 1491 1180 Melampus»
1519 1098 1552 1158 et

433 1217 530 1300 Prop.
563 1217 604 1282 IL
641 1219 670 1295 3,
704 1217 854 1282 51-542
887 1215 1029 1298 «Turpia
1050 1233 1229 1298 perpessus
1252 1217 1345 1279 vates
1369 1216 1419 1276 est
1441 1212 1552 1276 vincla

432 1331 625 1419 Melampus
655 1331 815 1416 Cognitus
846 1332 968 1416 Iphicli
991 1331 1194 1413 surripuisse
1216 1330 1328 1405 boves,
1353 1327 1459 1407 Quem
1482 1347 1551 1391 non

433 1451 533 1525 lucra,
557 1450 665 1531 magis
680 1448 763 1513 Pero
787 1450 933 1513 formosa
951 1449 1068 1531 coegit,
1088 1446 1167 1510 Mox
1189 1442 1425 1532 Amythaonia
1447 1447 1553 1526 nupta

436 1567 548 1630 futura
570 1564 700 1629 domo».
725 1602 770 1609 —-
800 1565 921 1647 Paneg.
947 1567 1032 1630 200:
1061 1565 1180 1629 «Posse
1202 1561 1362 1637 Meleteas
1386 1581 1447 1625 nee
1470 1562 1553 1624 mal·

434 1683 503 1746 lem
525 1681 656 1746 vincere
680 1681 842 1758 chartas»,
867 1681 926 1745 ubi
949 1678 1109 1746 Meleteas
1132 1679 1350 1744 Homerum*
1379 1675 1552 1758 significat,

435 1794 525 1879 quod
555 1813 720 1876 nusquam
752 1794 832 1858 alibi
855 1794 921 1858 huc
943 1813 1048 1876 usque
1070 1793 1243 1876 legebatur
1266 1792 1353 1875 apud
1378 1793 1554 1875 scriptores

421 1911 575 1980 ‘Latinos
586 1931 595 1986 ;
620 1909 679 1974 sed
693 1911 733 1974 cf.
750 1909 845 1992 Prop.
863 1910 904 1987 H,
924 1911 977 2004 34⁹.
995 1911 1146 1975 stt-30:
1166 1910 1251 1972 «Aut
1274 1907 1353 1991 quid
1376 1905 1555 1975 Erechthei

437 2028 499 2093 tibi
530 2029 672 2108 prosunt
704 2027 853 2090 carmina
883 2028 995 2090 lecta?
1025 2027 1081 2090 Nil
1112 2027 1206 2091 iuvat
1237 2026 1274 2088 in
1300 2045 1423 2107 magno
1447 2028 1556 2088 vester

439 2163 551 2210 amore
575 2162 706 2221 senex»,
730 2142 789 2206 ubi
817 2143 926 2224 agitur
950 2142 990 2206 de
1012 2142 1161 2207 Homero
1186 2144 1219 2204 et
1241 2137 1421 2205 Erechthei
1443 2160 1555 2204 corru-

438 2263 535 2344 ptum
558 2261 617 2322 est.
641 2257 712 2340 Ego
735 2278 805 2322 non
829 2257 953 2335 dubito,
977 2258 1059 2341 quin
1084 2257 1296 2322 scribendum
1312 2257 1377 2321 sit:
1405 2253 1556 2339 «Quidve

439 2373 569 2442 Meleiei
591 2374 654 2438 tibi
676 2379 818 2457 prosunt
841 2375 991 2439 carmina
1012 2376 1143 2439 lectuls
1175 2379 1178 2383 '
1296 2409 1301 2414 -

468 2492 521 2557 >··V.
546 2489 737 2556 Similitudo
770 2492 806 2554 in
836 2491 1060 2573 descriptione
1092 2489 1210 2554 mundi
1243 2489 1374 2554 silentis
1407 2490 1440 2552 et
1470 2491 1555 2550 tam-

440 2626 540 2692 quam
575 2627 630 2670 ore
664 2608 765 2671 sacris
800 2607 951 2672 faventis.
987 2606 1108 2688 Paneg.
1153 2606 1337 2671 see-129.
1374 2605 1483 2687 agitur
1517 2601 1557 2665 de

439 2724 597 2789 Messalla
620 2724 756 2787 consule
779 2722 941 2787 Kalendis
964 2722 1130 2786 Ianuariis
1153 2721 1288 2804 publica
1302 2724 1380 2786 vota
1395 2719 1556 2784 faciente:

560 2897 759 2975 Splendidier
779 2898 906 2976 liquidis
927 2917 998 2958 cum
1020 2897 1072 2958 Sol
1093 2902 1186 2973 caput
1208 2897 1318 2956 extulit
1338 2893 1439 2954 undis
1516 2897 1522 2953 J

559 3007 600 3066 Et
620 3007 686 3066 fera
707 3006 863 3066 discordes
884 3009 1052 3067 tenuerunt
1072 3005 1201 3065 flamina
1222 3005 1317 3074 venti,
1489 3015 1492 3018 ’
1522 3013 1525 3017 “

562 3112 662 3173 Curva
683 3129 739 3172 neo
762 3112 904 3172 adsuetos
926 3115 1055 3186 egerunt
1076 3111 1206 3171 flumina
1229 3129 1345 3180 cursus,

436 3237 441 3246 ‘¹
468 3261 470 3264 -
563 3219 646 3291 Quin
665 3218 808 3295 rapidum
829 3218 959 3294 placidis
981 3219 1077 3276 etiam
1097 3235 1183 3276 mare
1205 3216 1348 3275 constitit
1367 3212 1468 3282 undis,

441 3373 446 3380 Α
562 3327 633 3387 Ulla
653 3345 711 3386 nec
732 3325 831 3385 aerias
844 3325 976 3386 volueris
990 3323 1160 3401 perlabitur
1180 3343 1271 3383 auras

562 3435 625 3494 Nec
648 3433 820 3510 quadrupes
841 3433 952 3492 densas
975 3432 1152 3508 depascitur
1172 3450 1282 3508 aspera
1304 3431 1406 3500 silvas,

565 3541 647 3613 Quin
667 3541 779 3615 largita
798 3541 859 3600 tuis
881 3541 944 3599 sint
966 3542 1053 3599 muta
1074 3541 1198 3598 silentis
1219 3539 1308 3598 votis.

446 3765 650 3845 Quibuscum
674 3765 713 3828 ef.
739 3767 834 3848 Prop.
859 3719 922 3828 ΠΙ.λ
948 3765 996 3841 10,
1015 3763 1146 3841 5-1οη
1163 3761 1220 3826 ubi
1237 3761 1346 3842 agitur
1362 3760 1402 3824 de
1418 3712 1563 3841 (lynthia

442 3880 552 3960 ‚natali
576 3899 635 3956 suo
660 3884 737 3943 vota
760 3880 920 3943 faciente:

477 4069 478 4073 ’
567 4075 717 4134 Transeat
736 4068 875 4133 hic'sine
897 4073 978 4133 nube
1001 4073 1075 4143 dies,
1099 4075 1181 4130 stent
1202 4089 1271 4130 aere
1292 4069 1388 4138 venii,

607 4182 714 4242 Ponat
729 4186 760 4242 et
780 4183 814 4240 in
836 4183 915 4242 sicco
937 4180 1075 4239 molliter
1094 4178 1178 4238 unda
1200 4180 1315 4238 minan.

446 4503 448 4507 ·
495 4478 510 4513 *
530 4475 573 4530 Sc.
592 4476 754 4528 Homerum
773 4475 955 4543 Smyrnaeum
972 4490 993 4537 ,a
1014 4471 1126 4535 Melete,
1145 4470 1234 4525 fluvio
1253 4471 1409 4540 Smyrnam
1432 4471 1565 4530 alluente.
