3834 5492
419 666 469 719 148
693 688 934 733 rnuotrurrorvns
953 685 1088 731 amnon
1106 687 1148 731 ro
1167 688 1261 733 aron.

948 934 1003 998 IV.

461 1097 492 1160 4.
517 1094 640 1162 crebis:
668 1095 857 1159 emendavit
874 1093 1044 1177 Guyetus3
1068 1096 1179 1162 votis:
1196 1097 1234 1162 rt
1252 1088 1300 1141 —'
1312 1100 1342 1162 9.
1360 1096 1398 1162 ia
1412 1117 1540 1163 cirros:

417 1210 468 1289 D;
493 1213 675 1278 moturas:
700 1212 737 1276 A.
763 1248 807 1256 —·
834 1213 885 1276 ll.
910 1210 1040 1276 soleat:
1066 1211 1257 1278 emendavit
1277 1213 1452 1295 Postgate;
1476 1231 1539 1278 co-

418 1329 487 1394 lent
500 1349 513 1393 .·
547 1329 686 1393 codices.
716 1314 920 1411 Recipienda
955 1333 1006 1391 est
1036 1329 1199 1412 Postgatii
1231 1330 1430 1405 coniectura,
1463 1329 1542 1412 quia

417 1443 532 1508 nullus
555 1445 611 1509 hio
635 1445 747 1508 futuro
774 1444 868 1508 locus
901 1464 1009 1526 neque
1041 1444 1154 1509 voleret
1186 1465 1262 1508 cum
1293 1462 1375 1510 vero
1407 1444 1544 1511 moueri

416 1563 474 1636 (vs.
503 1561 566 1639 11.)
590 1565 666 1641 apte
690 1560 786 1640 iungi
809 1563 929 1642 potest
955 1597 1000 1604 ——
1034 1561 1085 1624 17.
1110 1578 1273 1625 emenso:
1298 1559 1349 1636 D;
1383 1577 1539 1625 emerso:

416 1676 452 1740 A.
478 1713 523 1720 —-
539 1678 591 1740 21.
608 1695 747 1742 somma
769 1675 919 1742 Ptoebus
939 1676 1121 1761 prosperit
1145 1675 1189 1741 ab
1217 1673 1324 1741 Octa.-
1351 1672 1545 1740 emendavit

416 1789 612 1867 Markland3
635 1809 768 1856 summo
796 1789 944 1857 Phoebus
974 1791 1155 1876 prospexit
1183 1790 1230 1856 ab
1260 1794 1365 1855 orto:
1398 1790 1537 1855 codices.

417 1905 504 1984 Quid
527 1907 687 1971 hocloco
712 1925 870 1973 summas
895 1908 988 1974 ortos
1018 1908 1081 1971 sibi
1104 1908 1195 1983 velit,
1221 1926 1321 1970 nemo
1345 1907 1411 1969 huc
1434 1926 1542 1988 usque

280 2095 282 2100 ,
418 2023 580 2103 explicare
604 2011 734 2105 potuit3
758 2023 985 2106 recipiendam
1009 2045 1080 2088 esse
1097 2022 1299 2087 Marklandii
1316 2023 1542 2087 coniecturam

417 2136 538 2202 docent
560 2139 626 2202 loci
650 2138 803 2220 paralleli
828 2161 929 2222 supra
951 2141 989 2203 in
1012 2139 1089 2206 adn.
1114 2159 1202 2220 exeg.
1224 2139 1317 2202 allati
1342 2142 1375 2201 et
1396 2137 1543 2201 maxime-

418 2251 531 2316 Senec.
563 2253 660 2318 Herc.
694 2253 770 2320 Fur.
809 2256 1004 2333 lea-133„
1037 2256 1096 2320 ubi
1128 2254 1336 2337 Lygdamum
1369 2254 1540 2317 imitatur:

421 2367 510 2432 «Iam
523 2370 673 2434 caeruleis
686 2375 817 2434 evectus
831 2372 925 2454 aquis
938 2371 1035 2436 Titan
1053 2390 1184 2435 summa
1199 2369 1361 2451 prospicit
1379 2367 1544 2432 Oetae.—m

417 2480 639 2548 lttcroum
662 2503 724 2549 aee
747 2485 823 2552 tulit
847 2486 923 2552 otto
946 2485 1093 2551 domus:
1119 2484 1309 2548 emendavit
1324 2483 1542 2556 Lachmann,-

417 2595 610 2664 temonem
641 2619 703 2666 aec
734 2599 823 2666 videt
856 2601 945 2668 illud
980 2619 1089 2687 opus:
1113 2601 1179 2666 AV.
1204 2599 1443 2683 Recipiendam
1467 2619 1541 2663 esse

415 2713 626 2779 Lachmanni
658 2715 928 2781 emendationem
959 2717 1057 2782 docet
1086 2717 1183 2799 Prop.
1208 2716 1234 2782 I.
1259 2717 1290 2792 4,
1316 2717 1413 2780 5-8.
1439 2734 1543 2796 supra

417 2831 453 2892 in
477 2829 551 2893 adn.
578 2851 666 2913 exeg.
691 2830 800 2908 laud.;
834 2833 876 2896 ad
907 2833 1112 2896 locutionem
1136 2832 1215 2897 rulo
1239 2829 1362 2897 domm
1386 2831 1425 2894 cf.
1450 2829 1543 2892 inira

416 2965 481 3008 ves.
515 2947 567 3010 90.
602 2950 635 3010 et
658 2947 722 3010 92:
760 2947 844 3010 «Nec
867 2950 899 3010 te
923 2950 1119 3029 conceptam
1144 2968 1230 3011 saeva
1252 2947 1360 3010 leaena
1383 2943 1461 3012 turc
1479 2996 1485 3008 .
1503 2994 1537 3007 ..

418 3057 482 3123 Sed
506 3061 595 3125 culta
612 3066 645 3126 et
660 3061 753 3126 duris
769 3081 838 3125 non
854 3060 1038 3125 habitanda
1053 3060 1209 3127 domuc».
1227 3099 1272 3105 -
1287 3062 1340 3125 48.
1353 3058 1540 3143 myrrheo:

418 3173 464 3251 G;
498 3168 589 3240 idem
624 3177 766 3241 coniecit
798 3175 990 3258 Cyllenius3
1022 3177 1181 3259 myrteo:
1211 3174 1350 3241 codices.
1379 3173 1541 3239 Codicum

416 3292 515 3355 lectio
539 3291 675 3374 probari
698 3311 768 3355 non
791 3294 910 3374 potest,
935 3311 1024 3367 nam,
1051 3292 1080 3355 si
1105 3291 1147 3354 ad
1172 3291 1317 3355 colorem
1340 3289 1539 3372 capillorum

418 3410 550 3485 referas,
575 3409 707 3492 nigram
730 3408 893 3492 significet
915 3427 1055 3484 comam,
1081 3407 1170 3490 quod
1185 3406 1334 3488 Apollini
1357 3407 1539 3491 χρυσοκόμη

417 3545 487 3589 non
520 3525 676 3590 convenit
684 3548 694 3602 ;
726 3527 766 3590 cf.
800 3525 909 3605 Longi
931 3524 1058 3588 Pastor.
1084 3524 1109 3588 L
1134 3545 1165 3606 p.
1192 3525 1244 3587 ll.
1269 3521 1318 3585 ed
1345 3520 1461 3585 Schael
1486 3519 1538 3599 (de

417 3643 538 3704 iuvene
570 3641 739 3724 pulchrol:
774 3643 827 3704 καὶ
857 3637 877 3726 ἡ
903 3643 958 3725 μὲν
993 3636 1117 3703 εἴκασεν
1150 3634 1244 3702 αὐτοῦ
1275 3640 1328 3722 τὴν
1351 3641 1462 3722 κόμην,
1491 3633 1540 3699 ὅτι

418 3759 559 3844 μέλαινα,
596 3761 738 3844 coprem
778 3758 830 3822 sin
870 3762 983 3821 autem
1021 3755 1182 3837 explices:
1221 3758 1331 3835 myrto
1370 3753 1539 3825 coronata,

418 3875 635 3940 contradictio
666 3895 736 3938 non
771 3875 906 3939 ferenda
941 3874 1069 3936 oriatur
1102 3876 1240 3957 propter
1271 3889 1318 3933 vs.
1355 3869 1417 3933 23:
1457 3865 1543 3928 «Hic

417 3991 548 4054 iuvenis
582 3994 673 4055 casta
703 3991 876 4054 redimitus
908 3994 1061 4071 tempora
1094 3987 1226 4053 tauro».
1263 3983 1432 4067 Optimam
1467 4000 1542 4044 osso

419 4104 563 4188 Cyllenii
595 4107 822 4170 coniecturam
855 4107 975 4169 docent
1003 4105 1070 4168 loci
1101 4103 1255 4185 paralleli
1279 4099 1439 4182 suprain
1462 4095 1537 4160 adn.

419 4242 507 4304 exeg.
534 4222 637 4286 allati.
662 4259 706 4269 -—
729 4223 781 4286 44.
807 4218 902 4286 dulci
924 4219 1061 4284 tristia:
1086 4217 1134 4294 D3
1160 4215 1250 4282 tristi
1272 4212 1412 4280 dulae:
1432 4212 1469 4275 A.
1494 4245 1539 4254 -—

419 4337 471 4404 47.
498 4337 615 4422 eoique
638 4337 670 4417 (i.
697 4359 723 4401 e.
749 4337 899 4418 aevique):
925 4335 972 4409 A;
997 4333 1138 4417 cuique:
1164 4332 1202 4396 V.
1220 4368 1264 4375 -
1287 4331 1341 4394 50.
1357 4325 1538 4413 quodque:

420 4455 449 4520 G
459 4475 467 4528 ;
493 4450 662 4538 quidque:
680 4454 708 4516 A
718 4475 727 4529 3
750 4452 863 4538 serora
874 4472 886 4515 .·
903 4450 1093 4515 emendavit
1107 4445 1359 4520 Broukhusius3
1377 4442 1484 4527 ferat:
1499 4443 1540 4509 A.
