3834 5492
713 692 754 733 su
774 692 867 736 aron.
887 692 981 736 anno.
1003 693 1037 737 1«.
1060 690 1171 737 15—18.
1469 673 1500 724 4¹

385 867 488 930 Divos
520 864 638 931 Manes
666 868 799 943 mortui,
823 871 862 931 ut
885 887 1060 950 supremos
1084 869 1229 934 honores
1252 867 1396 952 benigne
1421 872 1503 934 acci-

384 983 488 1065 piant.
513 1018 558 1025 —
580 978 749 1067 Praefatur,
773 982 870 1046 initio
894 982 1023 1060 adfatc;
1048 984 1181 1067 proprie
1205 984 1326 1048 dicitur
1348 984 1389 1049 de
1411 986 1504 1050 invo-

384 1098 515 1161 catione
548 1096 686 1161 deorum
719 1102 797 1162 ante
830 1119 901 1162 rem
932 1100 1091 1164 divinam.
1127 1100 1173 1166 cf.
1207 1100 1303 1182 Verg.
1338 1102 1418 1165 Aen.
1447 1102 1502 1165 XL

385 1215 470 1280 30⁶2:
499 1215 677 1280 «Praeiatus
701 1217 795 1281 divos
819 1217 904 1281 solio
928 1239 985 1281 rex
1007 1216 1081 1281 infit
1105 1215 1146 1281 ab
1169 1219 1254 1283 alto«
1284 1223 1316 1281 et
1340 1217 1398 1282 Ov.
1415 1217 1503 1282 Fast

384 1332 438 1396 vi
465 1332 659 1399 303—304:
688 1334 871 1416 «precando
886 1334 1068 1399 Praeiamur
1083 1334 1249 1399 Vestam«.
1267 1372 1312 1379 —-
1328 1334 1504 1401 «almum-

384 1468 451 1534 que
478 1452 638 1534 pecare,
670 1449 821 1513 absolute
845 1450 989 1513 dictum:
1022 1450 1063 1513 ad
1088 1450 1235 1515 animam
1259 1470 1369 1514 meam
1392 1468 1506 1533 preces

385 1564 575 1648 dirigentes,
601 1568 640 1627 ut
662 1563 801 1628 dicitur:
825 1566 952 1646 precari
976 1564 1066 1629 deos.
1096 1602 1135 1610 —
1154 1565 1245 1649 piae,
1277 1566 1333 1648 pio
1359 1567 1506 1648 ossilegii

386 1680 498 1746 officio
531 1683 711 1745 iuncturas.
745 1719 790 1726 —
822 1681 962 1767 liquore,
985 1682 1126 1747 flumine
1149 1684 1234 1759 vive,
1260 1684 1281 1747 i.
1308 1705 1333 1748 e.
1360 1705 1446 1767 aqua
1470 1704 1508 1745 ex

385 1799 480 1862 fonte
514 1803 572 1862 aut
603 1798 706 1863 fluvio
737 1800 844 1881 petita
874 1820 995 1863 manus
1027 1799 1139 1865 lavare
1164 1798 1330 1865 debebant
1353 1799 1506 1863 homines

386 1912 429 1976 ad
463 1931 555 1976 sacra
587 1913 800 1990 accedentcs;
833 1915 873 1977 cf.
898 1914 968 1978 Tib.
993 1914 1033 1977 IL
1063 1914 1090 1991 1,
1119 1914 1267 1979 13—14:
1296 1913 1414 1979 «Casta
1436 1916 1506 1997 pla·

386 2032 464 2091 cent
497 2030 645 2109 superis:
676 2049 761 2112 pura
792 2049 868 2092 cum
899 2032 992 2093 veste
1024 2030 1135 2093 venite
1167 2029 1209 2093 Et
1236 2031 1391 2094 manibus
1415 2032 1507 2112 puris

387 2145 510 2208 sumite
543 2146 646 2209 fontis
679 2165 839 2227 aequam«.
872 2182 917 2190 —
949 2165 1028 2211 osso
1044 2195 1051 2209 .
1070 2194 1078 2209 .
1097 2194 1105 2210 .
1123 2146 1247 2231 legant,
1281 2166 1358 2211 ossa
1384 2148 1507 2209 mortui

385 2262 526 2324 cremati
549 2262 707 2343 colligere
731 2265 802 2326 erat
829 2263 924 2345 pium
956 2263 1143 2345 lugentium
1183 2262 1339 2327 officium.
1367 2300 1412 2307 —-
1443 2260 1506 2327 Iu-

387 2375 516 2457 eiactoe,
540 2376 721 2457 discinctae,
744 2399 814 2441 non
838 2378 962 2452 cinctae,
988 2379 1111 2442 tunicis
1127 2379 1292 2443 recinctis.
1309 2380 1402 2444 Nihil
1419 2379 1507 2441 enim

390 2493 428 2554 in
452 2493 554 2556 sacris
577 2494 655 2556 nexi
679 2496 737 2556 aut
759 2494 861 2558 vincti
886 2515 958 2557 esse
983 2494 1142 2571 debebat;
1167 2496 1206 2560 ci.
1233 2494 1322 2559 Serv.
1348 2494 1389 2558 ad
1411 2494 1506 2575 Verg.

389 2609 470 2673 Aen.
504 2609 545 2673 Π.
583 2610 668 2674 134:
706 2610 891 2691 «piaculum
925 2614 976 2674 est
1008 2611 1043 2673 in
1077 2610 1246 2675 sacrificiis
1279 2610 1406 2692 aliquid
1437 2630 1508 2673 esse

384 2725 598 2807 religatum«.
633 2725 741 2804 Quare
774 2728 928 2791 homines
962 2728 1063 2791 saeris
1089 2733 1264 2808 operantes
1287 2727 1418 2791 tunicas
1442 2726 1507 2789 sol-

387 2840 518 2917 vebant
544 2843 678 2905 feminae
702 2842 804 2906 etiam
827 2843 944 2917 crines,
962 2841 1051 2924 quod
1070 2844 1171 2907 etiam
1195 2844 1231 2906 in
1253 2843 1347 2907 cultu
1370 2842 1507 2906 deorum
1638 2872 1641 2877 ¹

387 2957 573 3021 inferorum
597 2963 630 3021 et
652 2958 804 3021 Manium
827 2960 988 3022 usitatum
1006 2962 1096 3034 erat;
1120 2960 1160 3022 cf.
1178 2958 1246 3023 Tib.
1264 2959 1289 3023 Ι.
1308 2959 1337 3035 5,
1359 2959 1508 3023 15-16:

287 3125 291 3131 .
393 3072 489 3154 «Ipse
514 3092 575 3154 ego
598 3075 728 3138 velatus
750 3073 808 3138 filo
830 3074 1019 3157 tunicisque
1044 3074 1162 3139 solutis
1186 3075 1273 3140 Vota
1295 3094 1417 3138 novem
1440 3073 1508 3136 Tri·

388 3190 451 3252 viae
474 3194 572 3254 nocte
596 3191 716 3255 silente
738 3191 846 3267 dedi«,
872 3191 929 3256 Ov.
947 3191 1025 3255 Met.
1042 3191 1113 3256 VH.
1135 3191 1317 3255 182-183.
1335 3190 1375 3253 de
1391 3188 1509 3252 Medea

392 3304 545 3369 Hecaten
581 3306 758 3370 adorante:
798 3306 991 3388 «Egreditur
1025 3308 1121 3371 tectis
1156 3311 1264 3370 vestes
1303 3306 1421 3370 induta
1459 3326 1508 3368 re·

391 3418 528 3495 cinctas,
562 3419 658 3483 Nuda
690 3420 819 3503 pedem,
852 3420 961 3484 nudos
997 3422 1146 3485 humeris
1179 3422 1292 3485 infusa
1327 3420 1509 3503 capillos«;

385 3534 484 3601 'Suet
508 3537 591 3618 Aug.
618 3540 691 3603 101.
716 3537 755 3601 de
780 3539 896 3601 funere
918 3537 1082 3619 Augusti:
1112 3538 1300 3621 «Reliquias
1323 3540 1354 3618 (i.
1381 3558 1408 3602 e.
1434 3556 1510 3601 ossa

389 3653 545 3734 Augusti)
577 3653 731 3736 legerunt
761 3655 924 3736 primores
957 3655 1120 3736 equestris
1154 3653 1281 3718 ordinis
1312 3655 1454 3719 tunicati
1479 3660 1510 3717 et

386 3768 548 3833 discincti
571 3769 775 3853 pedibusque
797 3770 928 3834 nudis«.
955 3768 1128 3834 lacteolus
1151 3770 1254 3850 igitur
1269 3770 1331 3835 hoe
1347 3771 1421 3833 loco
1440 3790 1510 3833 non

389 3882 559 3966 significat
582 3880 795 3962 succinctum,
822 3884 879 3950 sed
902 3886 1110 3961 discinctum,
1135 3886 1230 3949 cuius
1258 3885 1510 3967 significationis

387 4001 458 4064 hue
482 4020 587 4083 usqne
620 4022 725 4065 unum
759 4002 946 4084 exemplum
971 4005 1041 4065 erat
1063 4005 1183 4065 notum
1207 4001 1295 4083 apud
1319 4000 1395 4065 Isid.
1422 4000 1509 4082 Orig.

392 4114 434 4179 X.
471 4118 543 4180 151.
578 4117 618 4180 de
650 4119 791 4181 muliere
814 4118 970 4199 gravida:
1003 4116 1170 4181 «Incincta
1194 4116 1215 4179 i.
1242 4136 1268 4179 e.
1294 4118 1366 4180 sine
1390 4117 1509 4191 cincto,

393 4230 473 4313 quia
495 4233 653 4315 praecingi
677 4234 807 4298 fortiter
828 4238 943 4298 uterus
967 4254 1036 4297 non
1058 4234 1253 4315 permittit«,
1279 4232 1368 4298 unde
1385 4232 1511 4297 Gallice

393 4344 515 4408 mulier
547 4348 682 4428 gravida
714 4352 851 4412 vocatur
882 4348 1040 4414 omotario.
1073 4348 1143 4432 Ego
1168 4347 1252 4411 addo
1277 4346 1335 4411 Ov:
1359 4346 1448 4411 Fast.
1473 4346 1510 4411 V.

386 4460 481 4527 «5752
510 4463 601 4527 «Huc
624 4464 717 4528 venit
739 4464 908 4530 incinctus
934 4465 1086 4531 turricam
1110 4469 1304 4540 mercator»,
1322 4465 1380 4529 ubi
1404 4466 1512 4545 agitur
