3834 5492
391 624 440 677 110
775 651 817 692 an
835 650 947 694 Panno.
970 638 1118 694 1304-134.

387 819 505 906 avadit,
529 841 572 886 se.
598 820 730 886 Oceani.
756 860 800 866 -—
822 820 865 888 Et
889 823 966 909 feru
989 821 1175 907 discordee,
1200 828 1271 902 eu,
1296 829 1367 889 tota
1390 829 1511 889 natura

378 936 488 999 silere
513 939 545 999 et
567 941 738 1019 tamquam
763 958 818 1000 ore
842 940 952 1002 favere
980 959 1067 1002 novo
1100 940 1232 1003 consuli
1263 944 1343 1003 vota
1373 940 1512 1004 facienti

390 1050 529 1117 videtur.
554 1053 656 1118 Poeta
678 1074 742 1118 vas.
772 1055 954 1120 tac-129.
982 1060 1058 1119 ante
1077 1057 1191 1120 oculos
1207 1057 1326 1120 habuit
1341 1056 1509 1137 Aristoph.

390 1163 521 1232 Thesm.
555 1169 616 1232 43:
652 1167 748 1255 ἐχέτω
776 1170 809 1234 δὲ
832 1174 927 1242 πνοὰς
951 1175 1081 1257 νήνεμος
1106 1168 1215 1258 αἰδηρ,
1237 1182 1322 1258 κῦμα
1345 1171 1380 1236 δὲ
1402 1176 1511 1235 πόντου

392 1291 434 1372 μὴ
469 1285 637 1350 κελαδείτω
672 1263 834 1366 ηλαοκόν.
862 1333 870 1348 .
896 1335 903 1350 .
927 1297 1044 1372 πτηνῶν
1078 1308 1111 1350 τε
1144 1293 1217 1372 γένη
1251 1290 1511 1374 κατακοιμάσθω,
1557 1371 1560 1376 .

393 1405 499 1487 θηρῶν
530 1397 557 1464 τ’
593 1397 705 1484 ἀγρίων
739 1399 830 1472 πόδες
871 1396 1048 1487 ὑλοδρόμων
1083 1405 1126 1488 μὴ
1160 1402 1312 1468 λυέσθων.
1350 1400 1513 1466 Similiter

394 1521 486 1599 optat
517 1517 613 1599 Prop.
647 1516 705 1580 Ill.
743 1519 792 1593 10,
826 1517 945 1582 5-10.
980 1517 1033 1580 die
1055 1519 1173 1580 natali
1205 1515 1375 1600 Cynthia:
1405 1522 1513 1581 «stent

394 1653 469 1696 aere
500 1634 602 1710 venti,
635 1633 742 1697 Ponat
774 1638 806 1698 et
838 1635 875 1697 in
907 1635 995 1697 sicco
1029 1635 1177 1698 molliter
1209 1635 1299 1724 unda
1322 1635 1458 1698 minan.
1477 1684 1510 1699 ..

393 1747 580 1830 Alcyonum
611 1751 731 1832 positis
764 1750 973 1832 requiescant
1006 1770 1064 1812 ora
1096 1750 1249 1832 querelis,
1281 1751 1434 1830 Increpet
1457 1748 1513 1813 ab·

395 1867 564 1945 sumptum
600 1887 661 1929 neo
694 1887 753 1930 sua
781 1869 888 1930 mater
919 1866 1028 1948 ltyn».
1053 1904 1098 1910 -
1130 1864 1245 1932 Carvo
1267 1885 1329 1931 nec
1352 1841 1513 1932 adsuetos

394 1981 533 2065 eperunt
563 1981 711 2065 flumina
744 2001 876 2064 carsae,
903 1984 1004 2063 poeta
1026 1983 1179 2046 imitatur
1201 1981 1296 2064 Verg.
1321 1982 1390 2046 Eol.
1415 1985 1445 2059 8,
1471 1984 1511 2047 4:

400 2097 459 2160 «Et
481 2100 611 2160 mutata
635 2117 713 2160 suos
737 2097 929 2180 requierunt
952 2095 1093 2160 fiumina
1116 2117 1264 2161 cursus».
1290 2095 1337 2161 Cf.
1356 2095 1512 2179 Calpurn.

394 2211 461 2274 Eol.
488 2213 520 2294 t,
546 2211 603 2276 15:
633 2213 692 2275 «at
714 2217 851 2276 tenuere
876 2232 954 2276 suos
977 2212 1191 2293 properantia
1213 2211 1354 2276 flumina
1376 2232 1510 2276 cursus»

397 2331 430 2389 et
452 2325 537 2390 (liris
560 2347 607 2390 vs.
633 2329 715 2392 233:
745 2327 896 2409 «rapidos
920 2327 1022 2390 etiam
1044 2327 1256 2408 requiescunt
1279 2327 1419 2392 flumina
1442 2349 1514 2392 cur·

398 2462 485 2506 suso.
519 2478 563 2486 -
597 2441 733 2507 Curva.
753 2493 759 2506 .
779 2493 785 2505 .
803 2441 963 2526 flumina,
997 2443 1141 2518 sinuosa,
1176 2448 1214 2505 ut
1248 2442 1341 2524 Verg.
1377 2442 1435 2508 Ge.
1472 2444 1514 2507 H.

400 2559 547 2622 11-1a:
587 2556 744 2621 «flumina
772 2559 840 2621 late
867 2555 976 2621 Curva
999 2561 1138 2622 terent».
1172 2595 1214 2601 —
1249 2562 1405 2634 assuetos
1437 2579 1514 2645 ορο-

397 2676 502 2740 runt.
522 2724 528 2736 .
548 2724 554 2736 .
573 2692 708 2757 carsae,
741 2673 839 2736 solito
873 2673 985 2736 lenius
1007 2671 1175 2750 fiuebant;
1209 2675 1248 2738 of.
1275 2671 1332 2738 Ov.
1357 2675 1431 2738 Am.
1455 2675 1514 2738 HL

399 2791 428 2866 6,
454 2791 515 2854 95:
547 2791 750 2856 «lutulentus
774 2791 845 2873 agis
868 2790 1012 2854 brumali
1034 2793 1184 2870 ternpore
1208 2809 1355 2853 cursus».
1373 2826 1418 2832 -
1438 2785 1517 2854 Ulla

398 2923 459 2970 aec
491 2908 562 2982 eta,
597 2907 785 2987 intellegez.
805 2908 899 2970 nulla
928 2911 978 2970 est
1009 2907 1046 2969 in
1069 2906 1167 2970 terris
1190 2907 1335 2969 volucris
1358 2906 1516 2987 nullaque

399 3019 595 3103 quadrupes,
629 3043 701 3104 quae
733 3043 803 3086 non
834 3043 871 3086 eo
905 3022 958 3086 die
993 3022 1130 3086 siluerit.
1165 3059 1209 3066 -
1243 3018 1461 3106 qucdmtpes.
1482 3072 1514 3084 ..

399 3157 539 3222 aspera,
558 3139 635 3202 fera.
650 3175 694 3181 -·
709 3135 801 3216 Quia
825 3137 951 3222 locqttu
974 3137 1042 3202 tuis
1067 3137 1135 3202 siut
1151 3141 1249 3202 mutu
1265 3135 1404 3202 strenua
1418 3137 1515 3211 cotio,

398 3273 505 3318 novus
529 3255 620 3317 enim
643 3255 760 3318 consul
782 3252 942 3316 Kalendis
964 3253 1131 3316 Ianuariis
1153 3255 1232 3316 vota
1247 3252 1325 3314 feeit
1340 3251 1376 3314 in
1391 3251 1516 3333 templo

399 3369 494 3434 Iovis
522 3369 713 3453 Capitolini.
747 3366 889 3454 Lurptri
917 3367 1093 3434 silentium
1119 3367 1222 3449 igitur
1245 3365 1427 3447 significat:
1453 3367 1517 3430 lin·
1608 3349 1612 3360 ’

399 3487 474 3568 guis
507 3487 616 3551 favere
649 3491 682 3550 et
714 3486 851 3548 omnino
880 3485 1058 3567 quiescere,
1083 3504 1126 3546 ne
1151 3502 1243 3546 saera
1265 3482 1448 3546 turbentur.
1474 3518 1518 3526 —

400 3601 495 3667 muta
526 3601 675 3686 cilcario,
706 3606 744 3665 ut
777 3599 834 3667 Ov.
866 3601 945 3666 Met.
970 3600 1024 3665 IV.
1050 3601 1133 3664 433:
1164 3599 1280 3663 «Ducit
1304 3598 1346 3662 ad
1368 3571 1518 3662 infernas

401 3737 459 3799 per
482 3722 576 3782 muta
599 3718 733 3781 silentia
756 3717 868 3782 sedes»
897 3721 930 3780 et
952 3714 1031 3780 ibici
1049 3714 1122 3779 Vll.
1141 3715 1334 3778 184—185:
1357 3713 1518 3796 «Fertque

400 3855 501 3915 vagos
524 3834 640 3898 mediae
664 3838 840 3916 permuta
864 3833 999 3898 silentia
1021 3832 1130 3896 noctis
1146 3831 1348 3895 incomitata
1363 3829 1517 3911 gradus».

445 3949 482 4014 V.
511 3951 694 4016 130--134,
718 3949 872 4036 Iuppiter
888 3950 984 4034 ipse.
1004 4001 1010 4012 .
1030 4000 1036 4012 .
1056 3945 1180 4033 adfuit,
1197 3945 1367 4010 descendit
1383 3947 1419 4009 in
1435 3950 1518 4008 tem-

401 4067 495 4148 plum
520 4087 626 4142 suum,
651 4070 689 4130 ut
711 4085 857 4148 praesens
881 4063 1013 4129 adesset
1037 4064 1148 4127 sacris.
1172 4099 1217 4105 —
1242 4060 1305 4126 leui
1327 4063 1440 4126 uectus
1458 4112 1464 4123 .
1484 4111 1516 4123 ..

401 4199 519 4264 curru,
542 4181 633 4244 facili
655 4182 752 4262 lapsu
775 4179 988 4254 descendens,
1013 4177 1050 4241 in
1065 4197 1164 4240 curru
1180 4176 1273 4257 equis
1290 4175 1388 4238 alatis
1404 4179 1518 4249 veet03

402 4300 442 4363 cf.
474 4297 554 4362 Hor.
590 4294 696 4361 Carm.
730 4297 755 4360 I.
793 4297 844 4370 34,
882 4297 987 4360 5-8:
1026 4292 1364 4373 «Diespiter...per
1397 4310 1520 4372 purum

403 4417 559 4480 tonantes
582 4413 658 4494 Egit
683 4431 784 4495 equos
808 4413 1040 4492 volucremque
1057 4429 1223 4473 currum».
1241 4442 1285 4450 —
1303 4423 1368 4490 pet·
1386 4405 1520 4488 ieiunio,
