3834 5492
754 727 795 770 an
815 725 906 770 rana.
927 725 997 771 sca.
1016 724 1058 769 rr.
1079 722 1120 771 47.
1447 702 1504 758 <173

381 910 486 969 exstat
508 903 656 979 Parisiis,
680 905 718 966 ut
740 901 924 966 Buecheler
947 901 1005 976 ait,
1032 905 1065 964 ot
1088 899 1190 964 habet
1213 900 1343 982 sculpta
1369 899 1502 966 Amoris

380 1029 413 1086 et
436 1022 561 1104 Tyches
584 1020 740 1101 insignia,
766 1019 828 1082 sub
852 1018 906 1082 his
921 1016 1111 1098 's'oriptumz

698 1176 737 1236 D.
751 1175 793 1236 M.
815 1174 901 1234 Iuliae
922 1173 1073 1236 Secundae
1094 1173 1174 1246 filiae,

740 1281 892 1343 Comeliae
913 1276 1033 1356 Tyehes
1054 1279 1168 1345 uxoris.

423 1471 618 1554 Sepulcrum
640 1471 747 1536 Iulius
772 1469 942 1534 Secundus
967 1470 1070 1533 erexit
1098 1468 1184 1546 filiae,
1213 1469 1308 1534 Iuliae
1342 1468 1501 1534 Seoundae

380 1591 412 1649 et
443 1587 547 1666 uxori,
582 1585 755 1664 Corneliae,
784 1606 857 1668 quae
889 1605 958 1649 una
985 1585 1154 1668 perierant
1176 1587 1352 1667 naufragio
1376 1587 1501 1651 circum

379 1722 454 1765 oras
486 1701 669 1784 Hispaniae,
703 1707 735 1765 et
766 1702 845 1766 fecit
866 1702 904 1765 in
926 1703 1091 1766 honorem
1114 1722 1228 1766 earum
1250 1676 1396 1787 carmen¹
1409 1722 1501 1783 acro·

378 1817 531 1894 stichum,
556 1816 614 1880 ubi
637 1817 753 1900 primae
776 1836 932 1880 versuum
950 1815 1072 1882 litterae
1095 1837 1220 1882 nomen
1250 1816 1329 1880 Iulii
1357 1813 1501 1882 Secundi

378 1931 531 1996 reddunt.
554 1931 607 1997 En
630 1932 698 2028 tibi
715 1951 836 2014 poema
858 1931 1048 2013 integrum:

484 2091 551 2150 Iam
573 2091 663 2160 dutus
685 2094 730 2150 eat
751 2089 824 2150 finis
845 2091 926 2162 vitae,
946 2091 1012 2149 iam
1031 2109 1144 2166 panesa
1164 2092 1318 2150 malorum
1380 2078 1382 2081 ⁵

484 2197 588 2270 Vobis,
612 2217 687 2275 quas
707 2196 802 2257 habet
822 2197 881 2257 hoc
902 2199 1030 2271 gnatam
1051 2199 1242 2274 matremque
1264 2199 1449 2274 sepulcrum,

483 2305 586 2363 Litore
607 2304 759 2365 Phocaico
781 2305 882 2379 pelagi
903 2305 934 2362 vi
955 2304 1149 2362 exanimatas

483 2409 559 2482 Illic,
581 2411 664 2471 unde
686 2411 785 2486 Tagus
807 2414 837 2470 et
856 2411 961 2472 nobile
982 2411 1099 2472 flumen
1119 2411 1254 2472 Hiberus

483 2517 618 2577 Versum
639 2521 735 2588 ortus,
755 2537 880 2579 vorsum
902 2537 1028 2578 occasus
1048 2517 1118 2578 fluit
1139 2521 1268 2578 alteret
1289 2518 1383 2590 alter„

483 2623 602 2700 Stagna
622 2626 678 2686 sub
700 2627 816 2686 Oceani
837 2625 938 2701 Tegna
958 2629 991 2686 et
1012 2624 1201 2703 Tyrrhenica
1221 2626 1384 2685 Hiberus·

483 2729 537 2792 Sic
558 2734 675 2792 etenim
697 2733 810 2794 duxere
832 2734 907 2793 olim
929 2732 1101 2810 primordie
1122 2731 1224 2802 Parce

482 2837 521 2896 llt
542 2857 650 2898 nevere
672 2857 763 2914 super
783 2838 871 2898 vobis
890 2839 1003 2899 vitalia
1022 2840 1088 2916 filu,
1142 2861 1147 2872 ·

483 2942 560 3003 Oum
581 2947 718 3020 primum
738 2946 858 3005 Lucina
879 2945 967 3004 daret
987 2950 1147 3022 lucemque
1168 2948 1376 3023 animamque,

482 3048 525 3108 Ut
545 3051 617 3109 vitae
640 3051 761 3110 diversa
782 3051 846 3111 dies
868 3051 948 3110 foret
969 3071 1091 3128 unaque
1112 3051 1176 3111 leti

483 3155 576 3215 Nobis
597 3175 690 3232 porro
712 3159 774 3217 alia
794 3161 841 3217 est
861 3158 944 3217 trino
962 3157 1005 3216 -de
1026 3160 1153 3218 necatae
1173 3159 1235 3234 fieti

482 3261 572 3322 Dicte
593 3261 659 3322 dies
680 3265 744 3335 leti,
767 3283 858 3341 quam
874 3249 1052 3340 ¹propagare
1074 3268 1182 3340 suopte

481 3367 591 3429 Visum
613 3371 682 3430 ollis
702 3371 796 3431 tacito
818 3370 947 3430 arbitrio
969 3391 1039 3431 cum
1060 3371 1126 3446 lege
1148 3372 1288 3448 perenni,
1383 3350 1385 3357 Ι

483 3475 561 3536 Sisti
583 3495 650 3554 quoe
671 3480 800 3538 cunctos
819 3477 905 3538 iubet
926 3476 967 3537 ad
987 3477 1166 3538 vadimonia
1186 3479 1290 3538 morti.
1309 3517 1326 3523 .-

419 3664 528 3729 Huius
552 3667 655 3748 igitur
678 3667 911 3750 inscriptionis
943 3689 993 3732 vs.
1019 3671 1069 3734 11.
1103 3669 1226 3751 legitur
1257 3669 1342 3733 illud
1376 3687 1500 3734 nectere

376 3779 521 3844 ablativo
555 3801 643 3858 casu,
677 3784 765 3865 quod
795 3783 867 3847 eine
883 3797 992 3849 'causo
1014 3784 1122 3847 voluit
1145 3784 1227 3848 olim
1249 3788 1380 3847 mutare
1404 3782 1497 3848 Sabi-

374 3913 439 3956 nus
462 3895 499 3958 in
524 3897 682 3978 ‘rumim
706 3919 787 3962 nam
811 3901 875 3964 hoe
898 3899 1029 3964 trinum
1047 3917 1170 3964 nemea
1186 3899 1253 3985 foti
1275 3899 1321 3976 (id
1345 3904 1415 3963 est:
1431 3900 1500 3962 tria

373 4008 430 4073 fila
452 4010 644 4092 Parcarum)
659 4013 876 4081 confirmatur
890 4020 1066 4096 poetarum
1083 4014 1273 4080 Graecorum
1292 4016 1499 4080 testimoniis

374 4125 527 4208 idemque
540 4127 714 4208 significat,
729 4129 822 4211 'quod
834 4131 956 4215 τριπλαὶ
967 4138 1062 4215 ,staec
1073 4130 1161 4212 apud
1172 4130 1336 4213 Lycophr.
1349 4151 1397 4196 vs
1414 4133 1498 4196 145:

485 4282 601 4367 Μοῖραι
622 4285 806 4368 τριπλαῖς
826 4287 968 4372 πήναις
989 4288 1225 4352 κατεκλώσαντο

376 4479 407 4536 et
430 4476 595 4558 τριέλικτῡν
618 4488 702 4564 νῆμα
725 4480 761 4544 in
784 4481 885 4544 Anth.
910 4481 981 4544 Pel.
1004 4479 1075 4558 VII,
1104 4483 1154 4559 14,
1179 4485 1220 4546 5:
