3834 5492
707 725 749 767 sn
767 722 862 766 men.
882 723 976 768 enne.
996 722 1038 767 ιν.
1059 720 1168 766 si--es
1475 698 1509 750 63

387 898 504 974 Sis&
540 898 623 964 «Sed
646 900 706 963 tibi
731 900 799 963 iem
830 899 946 963 videor
977 898 1119 962 Dodona
1152 899 1261 961 verior
1294 916 1430 979 augur».
1465 933 1509 940 -

387 1011 565 1100 Cynthius.
591 1036 612 1079 a
635 1013 776 1096 Cyntho,
801 1019 916 1078 monte
939 1014 1025 1081 Deli.
1050 1014 1107 1077 ubi
1132 1013 1203 1076 noti
1228 1015 1306 1075 sunt
1330 1012 1450 1095 Apollo
1476 1014 1508 1074 et

385 1128 503 1193 Dione.
529 1166 573 1173 —
594 1130 715 1215 serani,
740 1131 910 1193 futurum:
935 1129 1110 1193 nuntiabo.

431 1244 469 1308 V.
498 1247 640 1311 51—56.
674 1252 844 1331 quantum
866 1264 927 1310 neo
946 1294 954 1309 .
973 1295 1007 1311 ..
1030 1243 1206 1323 Quantum
1228 1262 1300 1321 neo,
1331 1242 1507 1325 utrobique

386 1378 447 1425 noo
477 1380 537 1443 pro
569 1360 773 1447 ote-quidem
805 1362 960 1443 ponitur:
995 1364 1158 1443 quantum
1192 1380 1234 1422 ne
1269 1358 1340 1423 filio
1374 1357 1507 1440 quidem

384 1475 494 1550 metri,
529 1481 692 1558 quantum
723 1498 767 1541 ne
791 1477 879 1541 bella
903 1477 1038 1560 quidem
1060 1474 1173 1559 puelle
1197 1475 1317 1558 eupillo
1340 1476 1432 1550 viro;
1466 1476 1506 1538 of.

385 1590 455 1655 Tib.
479 1590 506 1656 J.
531 1592 561 1665 8,
586 1593 649 1657 58:
678 1597 734 1656 sut
756 1613 818 1656 neo
841 1592 922 1655 dent
945 1592 1060 1656 osoulu
1083 1596 1179 1674 rupte
1203 1611 1342 1655 sonum»
1370 1590 1392 1655 i.
1418 1611 1445 1654 e.
1471 1594 1508 1653 ut

384 1726 428 1769 ne
453 1706 567 1770 osenla
590 1706 724 1788 quidem
748 1726 869 1772 sonum
893 1707 983 1771 dent
1008 1744 1053 1751 -—
1068 1725 1129 1771 uec
1144 1703 1267 1790 cupido
1286 1704 1376 1771 bella
1387 1704 1508 1790 puello

384 1820 469 1897 vim,
495 1821 646 1896 amatori,
671 1825 709 1885 ut
732 1820 790 1886 Ov.
815 1823 887 1886 Am
912 1822 955 1886 IL
976 1825 1007 1897 5,
1025 1823 1175 1887 25—26:
1205 1820 1509 1901 «(0seu1e)‚Que1ia

384 1958 455 2002 non
478 1937 573 2001 fratri
596 1937 711 2002 tulerit
734 1959 893 2021 gemens
916 1959 1041 2013 severo,
1067 1937 1131 2001 Sed
1154 1938 1269 2001 tulerit
1285 1937 1406 2019 cupido
1423 1937 1506 2000 mol·

384 2053 427 2115 lis
451 2053 558 2116 amieo
580 2054 685 2117 viros.
710 2052 757 2117 of.
784 2053 904 2119 Catuli.
930 2055 983 2130 72,
1009 2054 1114 2117 3-4:
1144 2052 1270 2116 «Dilexi
1293 2055 1364 2115 tum
1388 2056 1420 2115 te
1437 2071 1507 2133 non

382 2173 526 2243 tuntum,
551 2173 589 2232 nt
611 2168 731 2249 vulgus
755 2170 906 2237 amioum.
932 2167 998 2234 Sed
1021 2171 1116 2252 peter
1139 2170 1176 2231 ut
1198 2171 1318 2249 gnetos
1341 2167 1451 2249 diligit
1474 2170 1509 2230 et

384 2304 558 2366 generos».
591 2321 635 2328 -
665 2283 833 2349 sollicitas
867 2282 1016 2350 caelestia
1047 2282 1194 2349 oonsilio
1221 2284 1317 2359 votis
1341 2285 1380 2347 ef.
1407 2303 1506 2366 supra

384 2399 444 2463 ΙΠ.
472 2399 509 2463 1:
547 2398 652 2478 «Quid
682 2399 820 2481 prodest
846 2400 965 2463 oaelum
989 2400 1076 2463 votis
1099 2398 1266 2479 implesse,
1291 2398 1438 2461 Neaere».
1463 2435 1507 2442 κ-

382 2516 480 2601 fusco
503 2510 653 2580 Somnus
674 2513 800 2580 velavit
824 2516 963 2591 amictu,
989 2516 1067 2598 quio
1087 2514 1230 2581 Somnus
1251 2517 1365 2579 ooulos
1381 2514 1507 2579 claudit

384 2636 418 2694 et
439 2630 587 2695 tenebris
611 2629 746 2712 obtegit.
777 2628 910 2697 Fuscus
935 2632 1082 2697 amictus
1105 2633 1208 2714 igitur
1231 2632 1294 2694 hoo
1316 2631 1390 2695 loeo
1413 2634 1506 2693 tene·

382 2746 460 2811 bras
495 2744 670 2827 significet,
701 2760 740 2810 ut
775 2745 831 2813 Sil
863 2747 903 2811 lt.
937 2747 1010 2811 ΧΠ
1046 2746 1129 2812 613:
1169 2751 1293 2811 «terres
1328 2765 1412 2809 saeoo
1440 2765 1507 2810 nox

382 2861 498 2927 condit
522 2863 686 2938 emiotu»;
712 2864 750 2927 of.
776 2863 871 2945 Verg.
896 2864 978 2927 Aen.
1003 2864 1028 2928 I.
1054 2865 1138 2928 412:
1168 2862 1228 2927 «Et
1251 2862 1358 2926 multo
1374 2861 1506 2925 nebulae

383 2979 509 3042 oiroum
542 2977 604 3042 dea
637 2978 723 3042 fudit
755 2980 911 3044 amictu».
944 2981 1034 3045 Alibi
1066 2978 1212 3045 Somnus
1244 2979 1307 3043 olis
1331 2980 1400 3042 suis
1423 2979 1506 3059 tegit

382 3092 589 3157 dormientes
597 3114 606 3168 ;
639 3092 679 3156 of.
713 3091 844 3158 Gallim.
879 3095 994 3176 hymn.
1027 3094 1098 3157 Del
1133 3095 1217 3159 239:
1248 3091 1298 3157 ὅτε
1318 3088 1349 3156 οἱ
1370 3093 1505 3179 ληθαῐον

384 3205 433 3273 ἐπὶ
454 3212 563 3293 πτερὸν
577 3201 691 3282 Ὕπνος
716 3206 841 3295 testem
861 3210 960 3293 Prop.
985 3210 1008 3273 L
1036 3212 1064 3285 3,
1089 3210 1151 3273 45:
1181 3209 1288 3272 «Dum
1311 3228 1364 3271 me
1388 3209 1504 3272 iuoun·

383 3325 437 3388 dis
470 3326 600 3408 lapsam
621 3323 742 3408 Sopor
778 3326 916 3408 impulit
953 3328 1048 3391 slis».
1088 3364 1132 3370 -
1170 3327 1267 3412 fusco
1285 3376 1317 3391 ..
1339 3326 1505 3403 ostiolo,

383 3439 498 3521 nigros
521 3439 593 3503 ales
616 3439 716 3503 hebet
740 3436 886 3504 Somnus
910 3441 999 3523 opud
1022 3440 1091 3505 Tib.
1109 3441 1152 3505 Π.
1173 3444 1199 3517 1,
1218 3441 1368 3505 89-90;
1394 3440 1504 3503 «Post-

266 3536 296 3611 f
383 3573 448 3635 que
479 3553 572 3617 venit
603 3554 725 3618 tooitus
757 3554 861 3618 furvis
894 3554 1117 3619 oiroumdetus
1150 3556 1213 3619 ulis
1248 3553 1426 3619 Somnus».
1462 3590 1505 3597 —

383 3664 533 3733 Somnus
553 3668 689 3751 velavit,
707 3670 796 3751 opud
818 3669 919 3734 Hom.
942 3670 981 3734 Il
1007 3671 1091 3736 XIV.
1118 3673 1191 3735 359.
1217 3670 1298 3734 dicit
1324 3666 1435 3742 Ὕπνος
1464 3669 1504 3733 de

382 3783 461 3849 love
486 3803 506 3847 s
528 3803 564 3847 se
589 3785 716 3866 sopito:
746 3781 828 3869 αὐτῷ
853 3789 994 3871 μαλακὸν
1013 3790 1081 3871 περὶ
1099 3783 1177 3872 κῶμ’
1202 3785 1352 3873 ἐκάλυψα.
1377 3824 1421 3831 —
1443 3806 1502 3851 oe·

385 3898 468 3965 lomi
500 3897 638 3976 amictu,
673 3900 789 3964 eedem
820 3903 921 3966 verbe
947 3902 982 3965 in
1006 3902 1073 3966 fine
1097 3904 1280 3967 hexametri
1305 3902 1424 3968 Cotisll
1450 3904 1503 3977 (il,

382 4017 467 4082 266:
496 4016 672 4081 «Pulviner
694 4019 866 4099 complexe
890 4040 949 4083 suo
974 4019 1106 4083 velabat
1129 4020 1271 4083 amictu»
1299 4025 1331 4083 et
1355 4018 1439 4084 Ciris
1456 4038 1502 4083 vs.

382 4134 467 4199 950:
496 4133 673 4216 «mollique
696 4137 735 4199 ut
759 4156 793 4199 se
816 4136 938 4199 velavit
963 4137 1118 4200 amiotus.
1143 4172 1187 4180 —
1209 4132 1344 4200 Vonone
1360 4140 1502 4200 noctus·-

382 4248 438 4313 nis
466 4246 558 4334 fallit
591 4248 813 4333 imaqt'nibuS,
844 4251 961 4314 Neaere
992 4251 1029 4313 in
1062 4250 1202 4315 somniis
1225 4254 1332 4333 poetae
1356 4254 1501 4333 opporet,

382 4367 421 4428 ut
452 4362 634 4445 Ligun'nus
664 4364 807 4429 Horatio
841 4364 950 4430 Germ.
984 4365 1039 4429 IV.
1067 4368 1093 4442 1,
1121 4366 1269 4430 37-39:
1307 4366 1503 4430 «Nocturnis

383 4495 445 4559 ego
458 4478 599 4543 somniis
611 4479 683 4542 Iam
695 4484 829 4562 septum
842 4484 953 4558 teneo,
973 4481 1041 4545 iam
1057 4481 1226 4545 volucrem
1243 4499 1365 4563 sequor
1380 4480 1504 4545 Te».—
