3834 5492
422 702 458 758 50
746 729 788 772 sn
806 729 901 775 aron.
922 731 1013 775 suso.
1034 731 1083 777 111.
1103 730 1218 777 ae—ea

423 903 493 980 dus,
528 923 597 969 non
621 907 695 969 aeris
728 925 864 969 acervus
899 912 931 969 et
964 908 1037 970 auri
1069 908 1212 988 Aegroio
1246 908 1374 974 domini
1407 913 1543 977 deduxit

421 1040 558 1103 corpore
583 1022 700 1098 febres,
725 1023 799 1086 Non
824 1023 937 1086 animo
962 1041 1091 1086 curas».
1125 1060 1159 1067 -
1191 1020 1284 1088 Noc»
1307 1024 1451 1109 fortuito
1475 1047 1541 1091 suo

420 1136 577 1219 tempora
609 1136 681 1222 leqc
712 1135 809 1219 repit,
843 1136 979 1199 fortuna
1011 1157 1053 1201 ne
1085 1136 1243 1202 divitibus
1267 1138 1400 1223 quidem
1423 1144 1538 1222 parcit,

419 1252 526 1317 immo
559 1274 646 1337 saepe
679 1274 736 1318 eos
759 1254 902 1317 maxime
927 1254 1092 1318 humiliat.
1185 1258 1348 1341 temporo,
1373 1256 1539 1320 condicio·

420 1388 482 1432 nes
506 1369 690 1446 hominum,
716 1390 769 1434 res
792 1370 968 1434 humanas.

465 1482 503 1547 V.
528 1486 670 1549 23—26.
694 1482 739 1549 A»
763 1484 839 1551 sinc
863 1487 893 1550 ta
915 1503 1037 1570 rapum
1059 1504 1204 1551 mar-caro
1229 1488 1326 1552 »rullo
1350 1486 1540 1564 celedon»

421 1599 562 1679 regalia3
596 1603 695 1681 poeta
728 1607 805 1664 ante
839 1602 953 1665 oculos
986 1602 1104 1665 habuit
1135 1602 1230 1685 Prop.
1261 1603 1285 1667 1.
1314 1605 1362 1680 14,
1389 1588 1538 1668 93—94:

425 1711 523 1791 «Qua»
554 1716 610 1794 (sc.
635 1714 760 1795 Venus)
791 1717 876 1780 mihi
903 1715 983 1779 dum
1006 1718 1136 1799 placata
1160 1717 1274 1793 aderit,
1301 1738 1370 1782 non
1393 1719 1463 1782 ulla
1487 1740 1540 1782 ve·

422 1829 520 1894 rebor
541 1828 658 1913 Regna
680 1834 733 1897 vel
755 1834 887 1897 Alcinoi
910 1854 1051 1897 munera
1075 1834 1261 1916 despicere»
1289 1835 1311 1898 i.
1337 1856 1363 1899 e.
1390 1834 1478 1899 dona
1500 1834 1540 1898 ab

420 1945 568 2023 Alcinoo,
594 1967 670 2029 rege
693 1947 878 2024 Phaeacum,
904 1948 993 2013 Ulixi
1016 1948 1103 2012 data.
1120 1986 1164 1992 -
1190 1950 1328 2014 clocam
1345 1998 1352 2013 .
1370 1996 1378 2013 .
1396 1996 1404 2013 .
1422 1950 1542 2031 lucem,

421 2060 510 2126 diem
542 2061 720 2126 candidum
752 2065 774 2127 i.
808 2086 835 2128 e.
861 2065 992 2129 felicem
1000 2088 1008 2141 ;
1040 2065 1232 2140 insolenter,
1259 2070 1296 2128 ut
1318 2065 1407 2128 infra
1428 2065 1482 2129 VI.
1509 2066 1539 2129 8.

420 2177 461 2241 de
496 2178 590 2259 equis
625 2178 809 2260 splendidis
845 2177 951 2244 Solis:
994 2180 1156 2244 «Fulserit
1191 2181 1245 2243 hic
1278 2178 1388 2246 ‘civeis
1422 2178 1539 2242 Delius

422 2292 589 2370 alitibus»,
623 2294 681 2357 ubi
703 2294 778 2358 vide
803 2294 878 2358 adn,
904 2293 952 2359 Of.
978 2293 1098 2358 Catuli.
1123 2296 1152 2371 8,
1180 2297 1218 2359 3:
1256 2294 1411 2359 «Fulsere
1436 2314 1539 2375 quon-

420 2406 510 2472 dam·
532 2408 665 2472 condidi
696 2409 759 2473 tibi
794 2411 914 2474 soles».
951 2447 995 2457 -—
1026 2409 1159 2495 felicem
1194 2414 1310 2494 terque
1345 2413 1538 2494 quaterque,

421 2524 521 2589 solita
543 2524 686 2604 locutio;
711 2527 751 2589 cf.
776 2524 871 2609 Verg.
896 2527 978 2590 Aen.
1003 2526 1028 2589 I.
1054 2528 1115 2591 94:
1154 2547 1191 2590 οο
1214 2530 1330 2607 terque
1358 2529 1538 2607 quaterque

318 2717 320 2720 Ι
420 2638 542 2704 beati».

466 2753 503 2820 V.
529 2757 671 2822 27-32.
690 2775 756 2842 pro
781 2755 873 2823 dulci
895 2757 1019 2837 reditu,
1054 2758 1210 2841 intellege
1244 2758 1387 2821 sedilum
1418 2758 1540 2821 Neeerae

421 2874 458 2936 in
482 2872 619 2937 domum
640 2875 753 2938 mariti
776 2874 947 2957 Lygdami
973 2912 1017 2919 —
1041 2894 1110 2941 nou
1132 2894 1242 2956 coece,
1264 2875 1349 2938 mihi
1372 2894 1442 2937 non
1464 2892 1542 2955 pro·

420 2990 535 3073 pitius,
569 2993 607 3052 ut
637 2988 723 3057 Hor.⁴
751 2990 856 3073 Epod.
889 2990 919 3066 9,
946 2993 1007 3055 30:
1042 2990 1177 3055 «Ventis
1210 2992 1316 3055 iturus
1343 3010 1413 3053 non
1437 2990 1540 3053 suis».

422 3102 547 3169 Contra
569 3106 665 3170 macte
690 3109 741 3169 est
763 3105 939 3187 propitius,
963 3110 1001 3171 ut
1018 3106 1076 3173 Or.
1092 3107 1171 3171 Her.
1193 3108 1241 3183 12,
1260 3108 1321 3171 84:
1350 3103 1432 3169 «sed
1456 3104 1542 3168 mihi

421 3224 493 3285 tam
514 3221 630 3286 faciles
652 3222 741 3285 unde
757 3242 915 3306 meosque
931 3224 1053 3288 deest»
1072 3261 1116 3268 —
1132 3220 1200 3289 Nec
1218 3243 1272 3289 oce
1287 3241 1395 3307 cepae
1410 3220 1541 3300 iaocol,

421 3343 521 3419 poeta
544 3343 621 3403 ante
646 3342 760 3404 oculos
779 3340 897 3405 habuit
918 3341 1015 3422 Prop.
1039 3340 1065 3404 I.
1094 3342 1142 3415 14,
1162 3340 1310 3404 etl—ll:
1341 3336 1438 3416 «Quae
1455 3336 1539 3400 mihi

423 3453 502 3518 dum
524 3455 655 3537 placata
678 3455 793 3533 aderit,
811 3477 882 3520 non
897 3456 1122 3521 ullaverebor
1139 3456 1279 3538 Regna.
1297 3503 1305 3517 .
1323 3502 1331 3517 .
1349 3454 1536 3537 despicere»

422 3574 456 3634 et
478 3568 503 3633 Ι.
529 3572 558 3646 8,
586 3574 637 3636 32.
655 3571 706 3651 (de
722 3570 894 3655 Cynthia:
923 3575 1014 3637 «sine
1030 3594 1084 3637 me
1102 3572 1211 3636 dulcia
1227 3591 1330 3654 regna
1345 3576 1477 3654 negat».
1498 3607 1541 3613 —

421 3704 483 3751 ceo
515 3684 648 3771 Lydius
681 3688 813 3775 aurifer·
846 3689 972 3767 croatie,
1005 3689 1167 3764 Pactolus,
1203 3688 1312 3751 amnis
1345 3685 1466 3769 Lydiae,
1504 3687 1539 3748 in

423 3802 517 3866 cuiue
541 3802 668 3868 harena
691 3824 811 3868 aurum
835 3809 924 3881 erat3
955 3807 996 3868 cf.
1022 3804 1128 3871 Strab.
1153 3804 1243 3868 XHI.
1268 3824 1300 3885 p.
1326 3804 1409 3867 695:
1435 3798 1483 3887 ῥεῖ
1505 3800 1539 3864 δὲ

423 3914 633 3993 δΠακτωλὸς
667 3918 727 3985 ἀπὸ
760 3931 814 3985 τοῦ
846 3920 990 4007 Τμώλου,
1016 3926 1200 4010 καταφέρων
1222 3924 1256 3984 τὸ
1279 3921 1410 3984 παλαιὸν
1434 3922 1540 4003 ψῆγμα

422 4044 540 4123 χροοοῦ
561 4031 649 4115 πολύ,
673 4034 728 4123 ἀφ’
752 4033 788 4101 οὖ
811 4042 861 4102 τὸν
885 4035 1025 4121 Κροίσου
1047 4038 1212 4122 λεγόμενον
1236 4037 1362 4121 πλοῦτον
1393 4035 1447 4097 καὶ
1482 4041 1539 4095 τῶν

421 4157 574 4236 προγόνων
598 4149 690 4218 αὐτοῦ
710 4154 960 4239 διονομασθῆναί
976 4170 1062 4240 φασι·
1080 4161 1129 4217 νῦν
1146 4152 1180 4216 δὲ
1198 4150 1356 4216 ἐκλέλοιπε
1373 4154 1406 4213 τὸ
1422 4154 1539 4235 ψῆγμα.

422 4268 524 4333 Poeta
555 4270 699 4351 respexit
731 4269 827 4351 Prop.
858 4268 883 4333 L
913 4271 962 4345 14,
998 4268 1125 4332 9—11:
1160 4268 1261 4331 oNam
1295 4267 1364 4329 eive
1393 4267 1540 4346 optatam

422 4405 553 4450 mecum
585 4385 689 4449 trahit
715 4386 775 4449 illa
798 4386 953 4468 quietem,
980 4382 1045 4449 Seu
1069 4384 1159 4448 facili
1182 4388 1289 4450 totum
1314 4382 1405 4446 ducit
1428 4400 1540 4445 amore

423 4500 520 4579 diem,
557 4501 640 4565 Tum
671 4502 757 4565 mihi
788 4500 914 4565 Pactoli
945 4501 1086 4564 veniunt
1119 4500 1179 4563 sub
1206 4503 1294 4563 tecta
1316 4499 1480 4580 liquores»
1510 4504 1542 4563 et
