3834 5492
799 694 841 736 sn
859 693 972 738 Penne.
993 691 1126 738 93—105.
1478 673 1526 726 107

407 865 599 944 inflexisset,
628 888 735 951 neque
769 870 909 932 evellere
941 891 1049 952 neque
1082 872 1219 935 sinistra
1250 871 1411 954 impedite
1445 871 1534 935 setis

408 982 581 1046 commode
604 1004 752 1066 pugnare
775 989 963 1067 poterant».
988 1022 1033 1028 —
1065 1004 1211 1070 equum.
1230 1037 1237 1050 .
1255 1035 1263 1050 .
1282 989 1358 1051 arto
1390 1003 1527 1070 compe-

409 1116 500 1162 scere
532 1097 642 1183 freno,
671 1099 812 1165 adducto
824 1125 832 1178 ;
866 1103 905 1166 cf.
939 1101 1007 1166 Tib.
1026 1102 1052 1166 Ι.
1076 1105 1107 1179 4,
1135 1103 1194 1167 11:
1223 1102 1304 1165 «Hic
1327 1103 1445 1185 placet,
1470 1123 1540 1166 ειν.

409 1216 515 1296 gustis
545 1215 633 1297 quod
666 1238 787 1298 equum
820 1220 1002 1301 compescit
1036 1220 1209 1284 habenis».
1245 1257 1290 1264 -
1324 1218 1473 1304 effusas.
1493 1270 1499 1282 .

411 1329 574 1414 habenae,
597 1331 697 1397 laxes.

454 1447 490 1511 V.
517 1450 658 1514 93-97.
683 1448 785 1515 modo
809 1448 936 1514 directo
961 1449 1161 1516 contendere
1178 1470 1301 1536 passu,
1319 1455 1409 1514 recto
1428 1470 1530 1532 passu

410 1549 573 1646 progredi,
598 1567 619 1630 i.
646 1587 673 1630 e.
699 1587 820 1649 equum
843 1572 933 1632 recte
955 1568 1011 1631 vie
1036 1587 1150 1650 cger03
1167 1567 1216 1655 cf.
1239 1566 1370 1629 Lucret.
1394 1566 1448 1631 VI.
1467 1568 1537 1631 98ι·

415 1680 504 1760 «Qus
536 1703 710 1764 possemus
743 1684 785 1748 ed
817 1684 852 1747 id
883 1688 974 1748 recto
1007 1683 1207 1747 cont-endere
1231 1701 1360 1745 cursu».
1385 1719 1430 1726 —-
1462 1679 1531 1748 Sec

411 1795 527 1879 libert,
549 1799 602 1862 vel
627 1799 654 1862 si
678 1799 788 1864 libent.
813 1835 857 1844 —-
880 1817 983 1864 curuo
1009 1798 1142 1864 brevius
1166 1796 1346 1863 decurrere
1364 1815 1462 1885 gyri),
1485 1818 1528 1863 sc.

410 1911 543 1975 brevius
576 1914 722 1994 spatium
755 1935 839 1996 equo
873 1915 909 1977 in
941 1935 1060 1996 gyrum
1083 1918 1157 1976 aeto
1182 1911 1370 1989 decurrere3
1405 1915 1446 1976 cf.
1470 1912 1530 1977 Ov.

410 2027 503 2091 Rem.
530 2029 611 2091 398:
642 2049 739 2110 «gyro
764 2049 867 2104 curre,
892 2035 1000 2112 poete,
1024 2033 1101 2092 tuo»
1130 2034 1163 2091 et
1187 2027 1348 2093 Columel.
1380 2027 1421 2092 X.
1446 2031 1528 2094 225:

415 2142 486 2206 «Me
518 2164 594 2207 mee
629 2143 776 2228 Calliope
812 2167 890 2210 cure
923 2147 1048 2211 leviore
1081 2151 1260 2227 regentem
1293 2145 1366 2208 Iam
1400 2147 1533 2208 revocet

411 2279 578 2342 parvoque
594 2261 686 2324 iubet
701 2261 873 2325 decurrere
890 2282 1004 2344 gyro».
1020 2298 1064 2307 —
1082 2261 1272 2343 decccrrcre,
1287 2281 1327 2324 ex
1342 2261 1533 2324 coniectura

411 2373 578 2449 Dissenii;
603 2377 643 2438 cf.
668 2376 757 2439 infre
780 2376 855 2440 edn.
881 2377 953 2446 crit.
979 2376 1020 2440 sd
1043 2378 1076 2440 h.
1100 2378 1191 2440 1.-
1219 2374 1304 2454 Quis
1324 2393 1529 2458 parma...

412 2493 511 2566 tueri,
535 2510 579 2554 sc.
603 2492 728 2572 poseit3
761 2493 877 2574 supple
901 2514 940 2556 ex
962 2515 1010 2557 νε.
1044 2496 1098 2558 9Ξ.
1130 2531 1174 2536 —
1206 2511 1266 2557 seu
1297 2490 1422 2556 dextra
1453 2489 1533 2555 velit

412 2625 473 2670 ..scu
494 2606 590 2689 crecta,
606 2606 691 2688 plur.
707 2610 835 2672 neuin:
854 2608 1002 2672 dextram
1019 2610 1088 2673 eive
1099 2610 1217 2673 laevsm
1229 2612 1359 2689 partem
1371 2627 1476 2670 suam.
1490 2640 1533 2659 -
1579 2603 1582 2609 ’

413 2719 547 2806 Aptior,
580 2743 618 2784 ex
650 2723 841 2787 coniectura
871 2722 1091 2799 Franckenii3
1115 2727 1156 2788 cf.
1183 2725 1273 2788 inire
1296 2723 1372 2786 edn.
1396 2723 1467 2786 erit.
1492 2720 1535 2784 ed

413 2837 446 2899 h.
471 2838 491 2900 l.
526 2835 638 2922 Aptus
671 2839 734 2902 hoc
767 2839 840 2902 loco
869 2839 1039 2914 scientem,
1064 2839 1210 2920 peritum
1234 2837 1399 2920 significet
1422 2840 1455 2901 et
1477 2836 1533 2899 ed·

412 2953 517 3017 verbii
548 2955 619 3017 vice
651 2955 818 3036 fungitur:
851 2956 924 3036 quis
947 2956 1055 3037 possit
1078 2956 1188 3046 aptius
1212 2955 1343 3036 signate
1364 2954 1440 3017 loce
1461 2957 1534 3016 ten·

414 3090 497 3151 gere.
534 3067 581 3133 cf.
617 3090 717 3151 supra
748 3090 796 3133 ve.
831 3072 891 3134 83:
930 3071 1020 3133 «Iam
1053 3074 1086 3133 te
1119 3090 1188 3133 non
1221 3070 1307 3132 elius
1340 3070 1419 3132 belli
1442 3072 1535 3132 tenet

415 3185 530 3270 aptius
551 3189 671 3248 artes».

458 3303 496 3366 V.
529 3303 694 3366 98-105.
733 3299 819 3364 Tum
849 3300 911 3366 cibe·
938 3320 1009 3366 econ
1036 3298 1134 3382 desit,
1162 3321 1206 3366 sc.
1238 3302 1358 3383 peritis
1381 3321 1451 3363 non
1473 3301 1535 3363 tibi

416 3419 510 3483 desit.
536 3455 580 3464 —
603 3416 729 3503 [aciem
752 3435 952 3502 componere
965 3434 1104 3501 pugnae,
1120 3418 1262 3480 formum
1278 3418 1362 3480 aciei
1382 3415 1534 3479 ordinere

416 3534 457 3597 ud
481 3553 628 3616 pugnem
651 3531 936 3596 committendam.
960 3565 1004 3576 —
1032 3529 1316 3616 quadratum...
1336 3530 1374 3594 in
1401 3548 1537 3616 cymen,

416 3651 527 3731 egitur
550 3651 589 3713 de
607 3650 676 3712 acie
693 3650 863 3724 continue,=
880 3649 933 3711 cui
950 3648 1134 3731 opponitur
1148 3668 1196 3711 νε.
1216 3650 1287 3712 103.
1304 3647 1472 3728 bipartite
1492 3680 1537 3687 -

417 3764 541 3830 Rectus
560 3745 601 3830 ut*
616 3763 761 3848 aequatis
781 3763 939 3829 decurret
964 3763 1136 3849 [rcrctibcrs
1153 3761 1248 3845 ordo,
1264 3767 1393 3846 aequate
1408 3764 1536 3838 fronte3

418 3884 457 3944 cf.
491 3879 562 3943 Liv.
596 3878 760 3943 XXXVII.
795 3881 854 3942 39:
888 3877 1032 3943 «Consul
1055 3879 1120 3941 tris
1142 3879 1237 3941 milis
1260 3879 1363 3941 ferme
1387 3878 1537 3960 peditum

418 4000 547 4078 aequsts
577 3997 686 4057 fronte
719 3994 917 4069 instruxits3
952 3992 1065 4058 Senec.
1090 3994 1139 4057 De
1162 3995 1220 4056 vit.
1244 3993 1329 4056 beet.
1354 3995 1393 4057 4:
1428 3993 1537 4056 «Idem

418 4112 598 4176 excercitus
630 4109 730 4173 modo
763 4109 865 4172 letius
897 4109 1064 4191 penditur,
1097 4109 1197 4172 modo
1222 4110 1258 4171 in
1282 4112 1462 4190 angustum
1484 4129 1537 4172 eo·

418 4232 555 4304 artetur,
589 4231 622 4290 et
657 4230 714 4289 eut
746 4226 782 4288 in
815 4245 939 4288 cornus
972 4226 1105 4288 sinueta
1136 4224 1246 4287 medie
1268 4227 1360 4305 perte
1384 4227 1539 4287 curvatur

420 4348 478 4408 eut
500 4347 590 4407 recte
613 4344 722 4406 fronte
748 4342 962 4423 explicetur».
986 4340 1059 4403 Hoc
1075 4341 1148 4403 loco
1164 4341 1267 4421 igitur
1282 4340 1422 4421 pluralis
1437 4339 1537 4425 fron-

420 4460 512 4525 tibus
535 4460 672 4543 ponitur
695 4479 754 4540 pro
780 4458 950 4539 singulari,
975 4461 1012 4519 ut
1036 4457 1219 4539 saepiesime
1242 4454 1331 4535 apud
1354 4459 1478 4535 poetes.
1495 4488 1540 4500 -
