3834 5492
423 671 455 725 ¹0
798 694 891 737 1161).
913 693 1005 737 anne.
1026 694 1048 737 1.
1067 692 1107 736 nr
1122 693 1159 738 11.

515 867 612 932 «Hae
635 868 697 932 tibi
720 869 771 932 vir
793 866 972 951 quondam,
997 888 1087 933 nune
1110 868 1219 943 frater,
1245 871 1335 931 uasta
1358 866 1482 945 Neara,

554 982 661 1047 Mittit
683 987 717 1048 et
740 983 883 1066 accipias
906 1002 1050 1048 munera
1071 1003 1174 1066 parva
1198 988 1303 1066 rogat,

435 1129 463 1166 11
511 1100 620 1183 Teque
644 1100 714 1164 suis
736 1100 825 1163 iurat
847 1118 961 1163 earam
983 1099 1091 1180 magis
1115 1118 1188 1163 esse
1211 1098 1376 1175 medullis,

556 1215 630 1282 Sive
656 1216 719 1281 sibi
742 1217 888 1280 coniunx
911 1216 980 1280 sive
1005 1216 1117 1279 futura
1140 1235 1255 1281 soror:

512 1330 576 1397 Sed
597 1332 710 1415 potius
734 1332 898 1396 eoniunr:
923 1331 1025 1396 huius
1050 1350 1142 1413 spem
1166 1331 1314 1395 nominis
1336 1331 1386 1395 illi

554 1448 690 1512 Auferet
714 1449 875 1513 exstineto
899 1448 1024 1531 pallida
1047 1448 1134 1512 Ditis
1160 1468 1273 1532 aqua»

953 1753 995 1817 H.

512 1913 576 1992 Qui
599 1913 728 1995 primus
751 1933 862 1977 earam
886 1914 999 1978 iuveni
1028 1933 1207 1996 earumque
1230 1914 1349 1996 puellae

554 2029 687 2112 Eripuit
710 2031 875 2109 iuvenem,
900 2032 1027 2096 ferreus
1050 2031 1109 2095 1116
1132 2031 1205 2094 11111

510 2144 621 2209 Durus
646 2145 758 2209 atille
782 2147 855 2225 fuit,
881 2148 937 2230 qui
961 2151 1094 2211 tantum
1118 2146 1204 2209 ferre
1227 2145 1387 2225 dolorem,

554 2260 673 2326 Vivere
697 2266 731 2326 61
754 2266 868 2345 erepte
890 2263 1031 2344 coniuge
1056 2262 1113 2345 qui
1136 2262 1254 2344 potnit.

449 2406 463 2443 6
510 2377 584 2441 Non
609 2396 670 2459 ego
693 2375 809 2441 firmus
832 2379 869 2441 in
893 2378 965 2455 hoe,
991 2397 1060 2441 non
1084 2378 1154 2441 haee
1176 2377 1340 2460 patientia
1362 2380 1477 2445 nestro

554 2491 714 2572 Ingenio:
738 2492 863 2574 frangit
885 2493 985 2557 fortia
1009 2492 1109 2557 eorda
1131 2492 1244 2558 dolor:

510 2606 577 2671 Nee
600 2608 685 2672 mihi
708 2623 786 2672 vera
809 2609 901 2691 loqui
924 2608 1033 2691 pudor
1056 2612 1106 2673 est
1128 2608 1269 2692 vitaque
1292 2610 1389 2673 fateri

555 2724 617 2788 Tot
640 2726 729 2789 mala
752 2746 917 2808 perpessa
940 2727 1041 2790 taedia
1063 2729 1144 2791 nata
1166 2746 1259 2791 meae.
1368 2782 1370 2785 .

511 2840 598 2922 Ergo
622 2860 698 2904 eum
720 2845 858 2906 tenuem
882 2843 976 2907 fuero
1000 2847 1150 2907 mutatus
1173 2843 1209 2907 in
1231 2843 1385 2907 umbram

437 2988 466 3024 10
557 2955 772 3042 Candidaque
794 2978 871 3024 ossa
895 2979 996 3041 super
1018 2960 1115 3042 nigra
1138 2960 1254 3025 favilla
1276 2963 1374 3042 teget,

511 3073 597 3137 Ante
620 3089 734 3137 meum
757 3074 871 3139 veniat
892 3075 1012 3156 longos
1037 3075 1207 3157 incompta
1230 3075 1370 3158 capillos
1405 3069 1409 3071 ’

555 3187 599 3251 Et
620 3186 700 3252 fleat
722 3192 801 3252 ante
823 3209 937 3253 meum
962 3194 1079 3254 maesta
1100 3190 1218 3255 Neara
1239 3210 1365 3272 rogum.

513 3302 578 3369 Sed
599 3306 714 3370 veniat
735 3324 818 3369 66166
841 3306 958 3370 matris
982 3308 1139 3371 eomitata
1163 3307 1296 3373 dolore:

557 3419 693 3485 Maneat
715 3422 785 3484 11166
808 3441 943 3504 genero,
967 3426 1103 3487 maereat
1125 3424 1185 3487 illa
1207 3423 1288 3488 viro.

439 3566 466 3604 16
512 3535 661 3602 Praefata
684 3541 762 3601 ante
785 3557 879 3602 meos
902 3558 1020 3602 manes
1044 3538 1257 3621 animamque
1280 3541 1422 3621 precata

435 3696 438 3700 >
558 3652 776 3735 Perfusaequae
799 3653 873 3736 pias
897 3656 976 3717 ante
998 3654 1128 3737 liquore
1153 3672 1283 3731 manus,

513 3769 592 3833 Pars
617 3789 689 3852 quae
713 3770 786 3834 sola
808 3770 875 3833 11161
899 3768 1071 3852 superabit
1093 3770 1252 3851 eorporis,
1278 3788 1353 3834 ossa

557 3885 714 3950 Incineta
737 3885 835 3967 nigra
856 3885 1000 3950 candida
1021 3888 1113 3949 veste
1137 3884 1259 3968 legant

513 4001 556 4066 Et
577 4002 724 4084 primum
748 4023 876 4068 annoso
901 4007 1060 4086 spargant
1082 4000 1221 4067 eolleeta
1244 3998 1353 4082 Lyae,

438 4146 468 4184 1ο
558 4114 636 4181 Mox
660 4117 762 4182 6116111
784 4118 883 4182 niveo
908 4118 1046 4181 fundere
1069 4117 1156 4181 laete
1179 4120 1308 4199 parent,

449 4256 452 4260 ⁷
514 4232 686 4298 Posthac
709 4234 874 4298 carbaseis
897 4250 1049 4298 umorem
1071 4232 1189 4298 1611616
1212 4232 1298 4296 velis

558 4351 665 4433 Atque
689 4351 726 4414 in
748 4370 938 4415 marmorea
961 4370 1085 4434 ponere
1109 4351 1196 4415 sicea
1219 4350 1327 4413 domo.

514 4465 606 4542 111116,
633 4486 716 4549 quas
738 4467 842 4531 mittit
864 4466 959 4532 dives
980 4466 1149 4532 Panchaia
1172 4485 1298 4530 merces
1401 4477 1403 4481 ’
