<?xml version="1.0" encoding="UTF-8"?>
<!DOCTYPE html PUBLIC "-//W3C//DTD XHTML 1.0 Transitional//EN"
    "http://www.w3.org/TR/xhtml1/DTD/xhtml1-transitional.dtd">
<html xmlns="http://www.w3.org/1999/xhtml" xml:lang="en" lang="en">
 <head>
  <title>
</title>
<meta http-equiv="Content-Type" content="text/html;charset=utf-8" />
  <meta name='ocr-system' content='tesseract 3.04.00' />
  <meta name='ocr-capabilities' content='ocr_page ocr_carea ocr_par ocr_line ocrx_word'/>
</head>
<body>
  <div class='ocr_page' id='page_1' title='image "./lygdamicarminaa00lygdgoog/lygdamicarminaa00lygdgoog_0010.png"; bbox 0 0 3834 5492; ppageno 0'>
   <div class='ocr_carea' id='block_1_1' title="bbox 392 680 1037 740">
    <p class='ocr_par' dir='ltr' id='par_1_1' title="bbox 392 680 1037 740">
     <span class='ocr_line' id='line_1_1' title="bbox 392 680 1037 740; baseline 0.003 -2"><span class='ocrx_word' id='word_1_1' title='bbox 392 680 408 730; x_wconf 85' lang='lat'>6</span> <span class='ocrx_word' id='word_1_2' title='bbox 867 694 1037 740; x_wconf 71' lang='lat' dir='ltr'>emino.</span> 
     </span>
    </p>
   </div>
   <div class='ocr_carea' id='block_1_2' title="bbox 387 871 1583 2705">
    <p class='ocr_par' dir='ltr' id='par_1_2' title="bbox 391 871 1583 1103">
     <span class='ocr_line' id='line_1_2' title="bbox 391 871 1583 973; baseline -0.005 -22"><span class='ocrx_word' id='word_1_3' title='bbox 391 882 512 973; x_wconf 87' lang='lat' dir='ltr'>torem</span> <span class='ocrx_word' id='word_1_4' title='bbox 538 881 576 951; x_wconf 88' lang='lat' dir='ltr'>et</span> <span class='ocrx_word' id='word_1_5' title='bbox 600 876 641 949; x_wconf 89' lang='lat' dir='ltr'>in</span> <span class='ocrx_word' id='word_1_6' title='bbox 668 874 844 947; x_wconf 80' lang='lat' dir='ltr'>omnibus</span> <span class='ocrx_word' id='word_1_7' title='bbox 869 873 945 947; x_wconf 85' lang='lat' dir='ltr'>fere</span> <span class='ocrx_word' id='word_1_8' title='bbox 971 871 1076 945; x_wconf 83' lang='lat' dir='ltr'>libris</span> <span class='ocrx_word' id='word_1_9' title='bbox 1102 871 1182 945; x_wconf 83' lang='lat' dir='ltr'>eius</span> <span class='ocrx_word' id='word_1_10' title='bbox 1209 894 1384 966; x_wconf 85' lang='lat' dir='ltr'>apparere</span> <span class='ocrx_word' id='word_1_11' title='bbox 1413 872 1508 968; x_wconf 85' lang='lat' dir='ltr'><strong>Lyg-</strong></span> <span class='ocrx_word' id='word_1_12' title='bbox 1581 908 1583 913; x_wconf 33' lang='lat' dir='ltr'>v</span> 
     </span>
     <span class='ocr_line' id='line_1_3' title="bbox 392 1008 684 1103; baseline -0.017 -18"><span class='ocrx_word' id='word_1_13' title='bbox 392 1011 492 1085; x_wconf 87' lang='lat' dir='ltr'>dami</span> <span class='ocrx_word' id='word_1_14' title='bbox 516 1008 684 1103; x_wconf 82' lang='lat' dir='ltr'>vestigia.</span> 
     </span>
    </p>

    <p class='ocr_par' dir='ltr' id='par_1_3' title="bbox 388 1140 1544 2153">
     <span class='ocr_line' id='line_1_4' title="bbox 439 1140 1510 1239; baseline -0.001 -23"><span class='ocrx_word' id='word_1_15' title='bbox 439 1142 709 1239; x_wconf 78' lang='lat' dir='ltr'>Panegyricum</span> <span class='ocrx_word' id='word_1_16' title='bbox 721 1142 914 1237; x_wconf 75' lang='lat' dir='ltr'>Propertio</span> <span class='ocrx_word' id='word_1_17' title='bbox 932 1140 1118 1215; x_wconf 83' lang='lat' dir='ltr'>vindicavi</span> <span class='ocrx_word' id='word_1_18' title='bbox 1134 1140 1175 1214; x_wconf 92' lang='lat' dir='ltr'>in</span> <span class='ocrx_word' id='word_1_19' title='bbox 1193 1140 1510 1215; x_wconf 74' lang='lat' dir='ltr'><strong>commentatione</strong></span> 
     </span>
     <span class='ocr_line' id='line_1_5' title="bbox 390 1273 1508 1370; baseline 0 -22"><span class='ocrx_word' id='word_1_20' title='bbox 390 1300 475 1350; x_wconf 84' lang='lat' dir='ltr'>mea</span> <span class='ocrx_word' id='word_1_21' title='bbox 507 1276 564 1348; x_wconf 86' lang='lat' dir='ltr'>De</span> <span class='ocrx_word' id='word_1_22' title='bbox 597 1281 750 1348; x_wconf 81' lang='lat' dir='ltr'>auctore</span> <span class='ocrx_word' id='word_1_23' title='bbox 783 1274 1006 1369; x_wconf 78' lang='lat' dir='ltr'>Panepprici</span> <span class='ocrx_word' id='word_1_24' title='bbox 1040 1275 1081 1345; x_wconf 82' lang='lat' dir='ltr'>iu</span> <span class='ocrx_word' id='word_1_25' title='bbox 1115 1273 1331 1347; x_wconf 82' lang='lat' dir='ltr'><em>Messallam</em></span> <span class='ocrx_word' id='word_1_26' title='bbox 1361 1274 1508 1370; x_wconf 83' lang='lat' dir='ltr'>scripta,</span> 
     </span>
     <span class='ocr_line' id='line_1_6' title="bbox 390 1406 1509 1506; baseline 0 -23"><span class='ocrx_word' id='word_1_27' title='bbox 390 1435 473 1506; x_wconf 85' lang='lat' dir='ltr'>quae</span> <span class='ocrx_word' id='word_1_28' title='bbox 499 1410 539 1483; x_wconf 91' lang='lat' dir='ltr'>in</span> <span class='ocrx_word' id='word_1_29' title='bbox 569 1407 805 1503; x_wconf 79' lang='lat' dir='ltr'>ephemeride</span> <span class='ocrx_word' id='word_1_30' title='bbox 841 1406 1039 1481; x_wconf 80' lang='lat' dir='ltr'>Societatis</span> <span class='ocrx_word' id='word_1_31' title='bbox 1072 1406 1354 1501; x_wconf 79' lang='lat' dir='ltr'>Philologorum</span> <span class='ocrx_word' id='word_1_32' title='bbox 1387 1406 1509 1483; x_wconf 84' lang='lat' dir='ltr'>Bude-</span> 
     </span>
     <span class='ocr_line' id='line_1_7' title="bbox 389 1540 1508 1639; baseline 0.001 -22"><span class='ocrx_word' id='word_1_33' title='bbox 389 1543 616 1639; x_wconf 81' lang='lat' dir='ltr'>pestinensis</span> <span class='ocrx_word' id='word_1_34' title='bbox 635 1542 867 1637; x_wconf 76' lang='lat' dir='ltr'>(Epyeteraes</span> <span class='ocrx_word' id='word_1_35' title='bbox 885 1540 1110 1635; x_wconf 76' lang='lat' dir='ltr'>Philolopioi</span> <span class='ocrx_word' id='word_1_36' title='bbox 1127 1540 1305 1636; x_wconf 74' lang='lat' dir='ltr'>Kozlony,</span> <span class='ocrx_word' id='word_1_37' title='bbox 1323 1565 1382 1616; x_wconf 92' lang='lat' dir='ltr'>an.</span> <span class='ocrx_word' id='word_1_38' title='bbox 1405 1544 1508 1619; x_wconf 84' lang='lat'><strong>1906.</strong></span> 
     </span>
     <span class='ocr_line' id='line_1_8' title="bbox 390 1674 1544 1773; baseline -0.002 -22"><span class='ocrx_word' id='word_1_39' title='bbox 390 1703 423 1773; x_wconf 93' lang='lat' dir='ltr'>p.</span> <span class='ocrx_word' id='word_1_40' title='bbox 453 1680 486 1751; x_wconf 84' lang='lat'>6.</span> <span class='ocrx_word' id='word_1_41' title='bbox 522 1676 616 1772; x_wconf 85' lang='lat' dir='ltr'><strong>sqq.)</strong></span> <span class='ocrx_word' id='word_1_42' title='bbox 651 1701 771 1772; x_wconf 88' lang='lat' dir='ltr'>nuper</span> <span class='ocrx_word' id='word_1_43' title='bbox 805 1676 945 1771; x_wconf 81' lang='lat' dir='ltr'>publici</span> <span class='ocrx_word' id='word_1_44' title='bbox 979 1674 1071 1749; x_wconf 83' lang='lat' dir='ltr'>iuris</span> <span class='ocrx_word' id='word_1_45' title='bbox 1104 1676 1202 1749; x_wconf 87' lang='lat' dir='ltr'>faeta</span> <span class='ocrx_word' id='word_1_46' title='bbox 1236 1680 1302 1750; x_wconf 85' lang='lat' dir='ltr'>est.</span> <span class='ocrx_word' id='word_1_47' title='bbox 1338 1676 1509 1752; x_wconf 86' lang='lat' dir='ltr'>Eandem</span> <span class='ocrx_word' id='word_1_48' title='bbox 1542 1746 1544 1749; x_wconf 83' lang='lat'>.</span> 
     </span>
     <span class='ocr_line' id='line_1_9' title="bbox 389 1799 1508 1920; baseline 0.001 -36"><span class='ocrx_word' id='word_1_49' title='bbox 389 1835 491 1884; x_wconf 87' lang='lat' dir='ltr'>nuno</span> <span class='ocrx_word' id='word_1_50' title='bbox 516 1810 680 1905; x_wconf 82' lang='lat' dir='ltr'>praemisi</span> <span class='ocrx_word' id='word_1_51' title='bbox 705 1799 1013 1885; x_wconf 74' lang='lat' dir='ltr'>adnotationibus</span> <span class='ocrx_word' id='word_1_52' title='bbox 1039 1809 1086 1883; x_wconf 88' lang='lat' dir='ltr'>ad</span> <span class='ocrx_word' id='word_1_53' title='bbox 1111 1810 1381 1920; x_wconf 84' lang='lat' dir='ltr'>Panegyrioum</span> <span class='ocrx_word' id='word_1_54' title='bbox 1396 1812 1508 1906; x_wconf 89' lang='lat' dir='ltr'>perti·</span> 
     </span>
     <span class='ocr_line' id='line_1_10' title="bbox 388 1933 1508 2039; baseline 0 -21"><span class='ocrx_word' id='word_1_55' title='bbox 388 1945 577 2035; x_wconf 76' lang='lat' dir='ltr'>uentibus,</span> <span class='ocrx_word' id='word_1_56' title='bbox 612 1950 655 2018; x_wconf 89' lang='lat' dir='ltr'>ut</span> <span class='ocrx_word' id='word_1_57' title='bbox 688 1968 812 2018; x_wconf 91' lang='lat' dir='ltr'>meam</span> <span class='ocrx_word' id='word_1_58' title='bbox 847 1944 892 2019; x_wconf 90' lang='lat' dir='ltr'>de</span> <span class='ocrx_word' id='word_1_59' title='bbox 927 1933 997 2017; x_wconf 89' lang='lat' dir='ltr'>hae</span> <span class='ocrx_word' id='word_1_60' title='bbox 1035 1944 1243 2039; x_wconf 74' lang='lat' dir='ltr'>quastione</span> <span class='ocrx_word' id='word_1_61' title='bbox 1282 1944 1508 2018; x_wconf 82' lang='lat' dir='ltr'>sententiam</span> 
     </span>
     <span class='ocr_line' id='line_1_11' title="bbox 388 2078 1190 2153; baseline -0.001 0"><span class='ocrx_word' id='word_1_62' title='bbox 388 2082 553 2153; x_wconf 87' lang='lat' dir='ltr'>virorum</span> <span class='ocrx_word' id='word_1_63' title='bbox 578 2079 775 2153; x_wconf 78' lang='lat' dir='ltr'>doctorum</span> <span class='ocrx_word' id='word_1_64' title='bbox 800 2078 938 2151; x_wconf 83' lang='lat' dir='ltr'>iudicio</span> <span class='ocrx_word' id='word_1_65' title='bbox 966 2078 1190 2153; x_wconf 64' lang='lat' dir='ltr'>subicerent-</span> 
     </span>
    </p>

    <p class='ocr_par' dir='ltr' id='par_1_4' title="bbox 387 2210 1510 2705">
     <span class='ocr_line' id='line_1_12' title="bbox 437 2210 1506 2317; baseline 0.002 -31"><span class='ocrx_word' id='word_1_66' title='bbox 437 2212 663 2309; x_wconf 83' lang='lat' dir='ltr'>Appendioia</span> <span class='ocrx_word' id='word_1_67' title='bbox 688 2214 771 2317; x_wconf 90' lang='lat' dir='ltr'>looo</span> <span class='ocrx_word' id='word_1_68' title='bbox 807 2211 926 2287; x_wconf 83' lang='lat' dir='ltr'>adieci</span> <span class='ocrx_word' id='word_1_69' title='bbox 960 2210 1088 2287; x_wconf 87' lang='lat' dir='ltr'>libello</span> <span class='ocrx_word' id='word_1_70' title='bbox 1122 2212 1265 2287; x_wconf 81' lang='lat' dir='ltr'>indices</span> <span class='ocrx_word' id='word_1_71' title='bbox 1298 2212 1506 2305; x_wconf 77' lang='lat' dir='ltr'>verboium,</span> 
     </span>
     <span class='ocr_line' id='line_1_13' title="bbox 387 2338 1510 2443; baseline 0.004 -24"><span class='ocrx_word' id='word_1_72' title='bbox 387 2338 589 2443; x_wconf 81' lang='lat' dir='ltr'>inquibus</span> <span class='ocrx_word' id='word_1_73' title='bbox 622 2345 864 2421; x_wconf 83' lang='lat' dir='ltr'>conficiendis</span> <span class='ocrx_word' id='word_1_74' title='bbox 897 2370 989 2420; x_wconf 82' lang='lat' dir='ltr'>usus</span> <span class='ocrx_word' id='word_1_75' title='bbox 1016 2370 1100 2420; x_wconf 87' lang='lat' dir='ltr'>sum</span> <span class='ocrx_word' id='word_1_76' title='bbox 1126 2346 1265 2421; x_wconf 83' lang='lat' dir='ltr'>auxilio</span> <span class='ocrx_word' id='word_1_77' title='bbox 1290 2346 1424 2423; x_wconf 81' lang='lat' dir='ltr'>indiois</span> <span class='ocrx_word' id='word_1_78' title='bbox 1449 2348 1510 2423; x_wconf 52' lang='lat' dir='ltr'>Ti*</span> 
     </span>
     <span class='ocr_line' id='line_1_14' title="bbox 387 2473 1506 2580; baseline 0.002 -27"><span class='ocrx_word' id='word_1_79' title='bbox 387 2473 556 2569; x_wconf 80' lang='lat' dir='ltr'>bullioni,</span> <span class='ocrx_word' id='word_1_80' title='bbox 584 2504 658 2576; x_wconf 90' lang='lat' dir='ltr'>quo</span> <span class='ocrx_word' id='word_1_81' title='bbox 683 2479 885 2555; x_wconf 84' lang='lat' dir='ltr'>Eduardus</span> <span class='ocrx_word' id='word_1_82' title='bbox 911 2480 1033 2554; x_wconf 86' lang='lat' dir='ltr'>Hiller</span> <span class='ocrx_word' id='word_1_83' title='bbox 1059 2478 1262 2556; x_wconf 87' lang='lat' dir='ltr'>editionem</span> <span class='ocrx_word' id='word_1_84' title='bbox 1280 2505 1387 2557; x_wconf 82' lang='lat' dir='ltr'>suam</span> <span class='ocrx_word' id='word_1_85' title='bbox 1406 2482 1506 2580; x_wconf 87' lang='lat' dir='ltr'>(Lip-</span> 
     </span>
     <span class='ocr_line' id='line_1_15' title="bbox 388 2612 1079 2705; baseline 0.001 -19"><span class='ocrx_word' id='word_1_86' title='bbox 388 2615 463 2704; x_wconf 83' lang='lat' dir='ltr'>siae,</span> <span class='ocrx_word' id='word_1_87' title='bbox 490 2614 707 2703; x_wconf 68' lang='lat' dir='ltr'>Tauohnitn</span> <span class='ocrx_word' id='word_1_88' title='bbox 738 2612 858 2705; x_wconf 81' lang='lat'>1885.)</span> <span class='ocrx_word' id='word_1_89' title='bbox 885 2614 1079 2688; x_wconf 80' lang='lat' dir='ltr'>instruxit.-</span> 
     </span>
    </p>
   </div>
   <div class='ocr_carea' id='block_1_3' title="bbox 437 2747 1437 2842">
    <p class='ocr_par' dir='ltr' id='par_1_5' title="bbox 437 2747 1437 2842">
     <span class='ocr_line' id='line_1_16' title="bbox 437 2747 1437 2842; baseline 0.003 -22"><span class='ocrx_word' id='word_1_90' title='bbox 437 2748 582 2822; x_wconf 90' lang='lat' dir='ltr'>Dabam</span> <span class='ocrx_word' id='word_1_91' title='bbox 607 2748 855 2842; x_wconf 84' lang='lat' dir='ltr'>Budapestini</span> <span class='ocrx_word' id='word_1_92' title='bbox 880 2772 1010 2823; x_wconf 84' lang='lat' dir='ltr'>menae</span> <span class='ocrx_word' id='word_1_93' title='bbox 1036 2747 1173 2823; x_wconf 87' lang='lat' dir='ltr'>Martio</span> <span class='ocrx_word' id='word_1_94' title='bbox 1200 2772 1230 2823; x_wconf 92' lang='lat' dir='ltr'>a.</span> <span class='ocrx_word' id='word_1_95' title='bbox 1258 2748 1437 2823; x_wconf 69' lang='lat' dir='ltr'>MiMVI.</span> 
     </span>
    </p>
   </div>
   <div class='ocr_carea' id='block_1_4' title="bbox 902 2989 1326 3085">
    <p class='ocr_par' dir='ltr' id='par_1_6' title="bbox 902 2989 1326 3085">
     <span class='ocr_line' id='line_1_17' title="bbox 902 2989 1326 3085; baseline -0.007 -21"><span class='ocrx_word' id='word_1_96' title='bbox 902 3038 904 3042; x_wconf 61' lang='grc'><strong><em>«</em></strong></span> <span class='ocrx_word' id='word_1_97' title='bbox 996 2990 1118 3085; x_wconf 80' lang='lat' dir='ltr'>Geyzo</span> <span class='ocrx_word' id='word_1_98' title='bbox 1144 2989 1326 3080; x_wconf 71' lang='lat' dir='ltr'>Nomethy</span> 
     </span>
    </p>
   </div>
   <div class='ocr_carea' id='block_1_5' title="bbox 814 3118 1506 3194">
    <p class='ocr_par' dir='ltr' id='par_1_7' title="bbox 814 3118 1506 3194">
     <span class='ocr_line' id='line_1_18' title="bbox 814 3118 1506 3194; baseline -0.003 -20"><span class='ocrx_word' id='word_1_99' title='bbox 814 3121 1177 3194; x_wconf 75' lang='lat' dir='ltr'>Academia-Litterarum</span> <span class='ocrx_word' id='word_1_100' title='bbox 1196 3120 1371 3190; x_wconf 83' lang='lat' dir='ltr'>Hungarioae</span> <span class='ocrx_word' id='word_1_101' title='bbox 1391 3118 1506 3173; x_wconf 80' lang='lat' dir='ltr'>sodalis.</span> 
     </span>
    </p>
   </div>
   <div class='ocr_carea' id='block_1_6' title="bbox 0 0 1922 5492">
    <p class='ocr_par' dir='ltr' id='par_1_8' title="bbox 0 0 1922 5492">
     <span class='ocr_line' id='line_1_19' title="bbox 0 0 1922 5492; baseline 0 5"><span class='ocrx_word' id='word_1_102' title='bbox 0 0 1922 5492; x_wconf 95' lang='lat' dir='ltr'> </span> 
     </span>
    </p>
   </div>
  </div>
 </body>
</html>
