3834 5492
411 650 460 704 168
482 675 494 688 ·-
786 672 827 714 ll)
845 670 939 714 vene.
959 670 1029 715 uem
1049 671 1091 716 rv.
1112 667 1153 715 47.

456 843 562 914 «Fata
586 849 665 912 sunt
687 843 839 925 stabilia,
863 843 1100 923 immutabilia,
1124 846 1231 928 iisque
1265 862 1402 924 numen,
1436 849 1468 911 h.
1502 871 1528 912 e.

406 965 556 1046 potestus
591 982 629 1026 ae
660 962 817 1028 voluntas
850 960 965 1025 divine
997 960 1165 1026 tribuitur.
1202 956 1322 1026 Parcae
1351 962 1531 1029 concordes

407 1075 500 1164 fatie,
523 1097 593 1142 non
616 1082 687 1142 tem
709 1078 746 1142 in
770 1077 849 1141 fetis
872 1077 1050 1142 hominum
1066 1097 1249 1158 rerumque
1276 1076 1474 1142 definiendis
1498 1084 1531 1144 et

408 1193 660 1269 eonstituendiQ
697 1197 735 1257 ut
766 1193 884 1275 Heyne
920 1192 1072 1275 explieat,
1110 1212 1212 1276 quum
1247 1194 1360 1274 potius
1395 1200 1532 1276 prepter

408 1307 562 1373 stabilem
594 1313 783 1391 eertemque
816 1310 877 1372 feti
910 1309 1128 1385 voluntatem,
1160 1313 1199 1372 ut
1222 1329 1323 1372 eeuse
1347 1309 1531 1374 eoncordiae

407 1425 445 1488 in
467 1425 613 1488 futorum
636 1424 750 1488 stabili
774 1425 913 1490 numine
936 1426 1057 1508 inesse,
1072 1424 1231 1489 dicatur.-

452 1537 546 1604 Idem
569 1541 637 1605 fere
661 1539 741 1604 dieii
767 1537 965 1604 Germanice
981 1539 1166 1622 Ledewig*
1181 1539 1218 1603 in
1235 1541 1379 1622 septima
1393 1540 1532 1622 Vergilii

411 1652 576 1728 editione:

461 1763 606 1838 «Statili
624 1767 775 1854 fatorum
792 1768 933 1836 nemine
956 1769 1004 1834 iet·
1015 1769 1066 1835 ele
1078 1769 1151 1835 Abl
1169 1790 1276 1835 eeusae
1295 1790 1337 1834 zu
1352 1767 1534 1838 correerdes

409 1883 636 1974 himugeliigt
670 1886 760 1968 giebt
791 1885 862 1950 also
886 1885 951 1954 den
975 1883 1094 1950 Grund
1116 1885 1174 1948 der
1196 1885 1373 1949 Eintreeht
1397 1905 1442 1950 en
1464 1885 1534 1950 und

410 1999 538 2068 driiekt
551 2001 702 2082 zugleieh
725 2000 779 2066 die
803 1999 1095 2077 Gewissheiteus,
1121 2000 1197 2064 duee
1222 1999 1286 2064 den
1310 2001 1449 2066 Worteu
1476 2001 1535 2065 der
1666 2045 1669 2052 -

410 2118 537 2184 Perzen
560 2116 613 2182 die
636 2115 815 2200 Erfiilluug
839 2117 952 2199 folgen
974 2116 1111 2182 werde.»

440 2233 527 2300 ¹Hem
551 2233 737 2316 explieendi
760 2233 891 2298 ratione
915 2234 979 2298 viri
1003 2232 1101 2309 doeti,
1127 2234 1184 2318 qui
1216 2231 1401 2315 Vergilium
1424 2233 1534 2298 edide-

410 2353 498 2426 runt,
536 2359 661 2425 om'nerr,
696 2353 859 2431 quantum
892 2349 970 2424 scie,
1004 2369 1110 2430 usque
1143 2347 1185 2412 ed
1216 2347 1416 2417 hodiernum
1447 2348 1535 2412 diem

412 2465 563 2530 contenti
592 2467 736 2530 luerunt
769 2465 841 2543 Quo
874 2465 983 2528 maior
1020 2463 1152 2528 videtur
1184 2485 1260 2528 mee
1295 2464 1443 2540 audeuim
1474 2466 1536 2548 „qui

413 2599 503 2644 nune
535 2579 740 2644 clarissimos
754 2655 756 2660 ¹
772 2579 974 2663 Eulogerum
1005 2578 1206 2662 interpretes
1244 2579 1386 2643 meliore
1420 2579 1537 2644 docere

412 2694 564 2761 animum
587 2680 713 2776 induxi.
738 2693 822 2760 Cum
845 2693 949 2778 igitur
971 2693 1152 2758 verendum
1175 2694 1261 2758 mihi
1285 2682 1338 2773 sit,
1371 2716 1414 2759 ne
1437 2695 1536 2759 multi

410 2811 537 2876 nodum
568 2786 632 2876 me*
648 2811 685 2876 in
709 2812 816 2893 scirpo
842 2830 987 2893 quaerere
1013 2810 1133 2886 dieunt,
1161 2792 1408 2875 aeeuratissime
1433 2811 1535 2894 expli·

411 2946 486 2992 eure
520 2925 631 3002 debeo,
662 2925 743 3008 quid
775 2927 827 3000 eit,
865 2924 952 3007 quod
988 2927 1055 2989 hoe
1074 2925 1149 2990 loeo
1184 2925 1429 2994 observandum
1464 2946 1536 2990 esse

412 3047 537 3124 putem.
620 3071 622 3076 ·

455 3158 533 3224 Deae
556 3159 674 3235 Pereae,
702 3157 814 3223 Graeee
838 3156 965 3242 Μοῖραι,
989 3162 1028 3221 ut
1050 3159 1140 3224 inter
1163 3168 1280 3222 omues
1296 3162 1438 3234 constat,
1457 3162 1536 3222 sunt

412 3273 719 3356 personifieutionee
751 3275 906 3355 mythieae
937 3275 999 3338 fati
1035 3279 1068 3338 et
1103 3273 1193 3356 apud
1226 3278 1343 3356 poetas
1379 3275 1535 3358 antiquos

412 3389 602 3472 signifieent
631 3391 742 3472 ipsum
775 3393 890 3456 fetum.
916 3391 1083 3473 Vergilius
1106 3391 1218 3473 igitur,
1244 3411 1324 3459 eum
1344 3390 1472 3465 Pareae,
1498 3393 1537 3454 ut

411 3507 612 3589 interpretes
636 3507 762 3584 velunt,
788 3511 924 3589 propter
948 3508 1104 3572 stabilem
1127 3511 1318 3590 eertemque
1341 3506 1403 3570 feti
1418 3507 1536 3570 volun·

414 3626 520 3688 tatem
535 3621 717 3688 eoneordee
731 3641 801 3685 esse
818 3621 908 3696 dieii,
926 3619 1052 3699 ideam,
1070 3642 1170 3704 quum
1186 3620 1311 3696 dieunt,
1326 3619 1537 3687 abstractam

414 3738 476 3802 feti
508 3757 531 3802 α
558 3736 855 3822 personificatie'tte
890 3738 1037 3800 futorum
1070 3737 1256 3801 discernere
1283 3735 1423 3811 videtur,
1450 3734 1538 3817 quod

415 3852 456 3917 eb
479 3873 543 3916 usu
566 3857 743 3936 poetarum
761 3853 842 3917 adeo
860 3851 1027 3929 abhorret,
1045 3859 1084 3916 ut
1100 3853 1187 3916 hene
1203 3873 1273 3915 rem
1288 3851 1418 3915 nemini
1438 3855 1538 3914 antea

414 3970 607 4052 scrupulum
639 3970 793 4034 iniecisse
827 3970 908 4034 eatis
942 3969 1059 4033 mireri
1086 3990 1156 4034 non
1179 3969 1316 4062 poesim.
1339 3968 1425 4032 Nem
1450 3967 1539 4049 apud

414 4087 532 4166 poetes
555 4101 625 4149 tren
643 4081 718 4170 fala
742 4089 865 4170 rement
884 4082 1015 4150 Pareae
1033 4081 1215 4151 eotwerdes
1235 4097 1316 4162 esse,
1336 4081 1397 4148 sed
1419 4081 1539 4148 Peme

438 4357 474 4389 *
501 4315 610 4422 Verqile
628 4356 774 4420 Gediehte,
792 4356 900 4410 erklitrt
926 4373 983 4410 von
1010 4354 1060 4409 Th.
1085 4330 1230 4424 Ladeuiy.
1257 4355 1390 4411 Siebente
1418 4356 1539 4424 Auflege

412 4458 470 4496 von
492 4445 562 4498 carl
580 4444 718 4514 Sclraper.
737 4445 844 4509 Berlin,
868 4444 942 4499 1882.
1021 4456 1023 4461 '
1240 4469 1242 4473 ·
