3834 5492
410 692 446 746 82
739 706 782 755 ao'
799 709 894 755 aron.
914 708 1008 754 mmo.
1029 708 1070 753 vu
1090 706 1207 754 aa-sl.

411 890 533 966 luctus,
557 886 653 965 Osiri,
679 884 743 952 Sed
760 886 880 950 chorus
898 887 931 949 et
946 887 1064 949 eantus
1080 888 1115 949 et
1128 884 1212 949 levis
1229 888 1327 968 aptus
1345 903 1471 948 amor».
1487 872 1533 929 -ὲ
1610 882 1611 887 ’

412 1000 934 1087 Laaees...pata·,13aeohus
958 1000 1135 1087 ataugi„
1162 1020 1190 1063 e.
1215 1000 1360 1078 alatro,
1385 1000 1531 1065 ubiuvae

413 1120 643 1197 aalaabantur;
662 1119 703 1183 of.
718 1116 814 1199 Verg.
832 1114 891 1181 Ge.
908 1116 951 1181 H.
968 1117 1076 1181 4-8:
1100 1114 1201 1191 «Huc,
1215 1120 1312 1198 pater
1323 1136 1343 1180 o
1356 1116 1476 1181 Lenaee
1488 1153 1533 1161 -

411 1238 480 1303 tuis
511 1236 567 1301 hio
599 1235 713 1299 omnia
735 1234 837 1317 plena
858 1233 1065 1309 Muneribus,
1089 1232 1151 1297 tibi
1173 1232 1353 1315 pampineo
1378 1232 1531 1315 gravidus

413 1356 576 1417 autumno
606 1349 720 1415 Floret
752 1370 838 1432 ager,
873 1352 1007 1433 spumat
1037 1349 1148 1432 plenis
1171 1347 1341 1413 vindemia
1363 1349 1465 1414 labris
1487 1384 1533 1392 —

412 1467 496 1543 Huc,
521 1469 617 1549 pater
639 1486 660 1531 o
682 1465 812 1544 Lenaee,
836 1465 914 1530 veni
936 1463 1127 1547 nudataque
1150 1468 1261 1528 musto
1295 1464 1421 1545 Tingue
1444 1482 1532 1527 novo

413 1600 544 1645 mecum
568 1580 713 1663 dereptis
736 1600 832 1645 arura
855 1579 1057 1645 cothurnis».

457 1696 496 1762 V.
522 1698 663 1761 39-44.
703 1694 846 1779 Gelasio,
872 1696 1027 1771 Ariadne,
1052 1695 1122 1760 filia
1145 1696 1281 1773 Minois,
1306 1696 1393 1777 regis
1417 1692 1531 1771 Creta,

416 1834 438 1877 a
461 1811 583 1891 Gnoso,
608 1812 689 1877 urbe
713 1811 828 1891 Cretas,
852 1814 901 1877 ita
923 1814 1109 1878 nominata.
1126 1850 1171 1857 —
1201 1810 1333 1879 Thesara
1358 1809 1534 1897 quondam

410 1928 570 2013 partum
594 1928 720 2015 ltayaca
742 1927 880 1997 lleodsti
902 1930 1020 2017 ignoto
1044 1929 1121 1997 solo
1136 1928 1254 1995 relicta
1269 1928 1370 2005 mart,
1387 1928 1533 1992 Theseus

414 2044 604 2123 Ariadnam,
631 2065 702 2128 quaa
727 2046 768 2123 ei,
791 2067 834 2109 ne
858 2066 969 2111 errore
992 2047 1176 2131 labyrinthi
1200 2046 1413 2129 deciperetur,
1438 2044 1533 2109 filum

414 2159 593 2243 legendum
625 2160 767 2238 dederat,
797 2182 909 2225 secum
934 2161 1070 2227 abduxit
1094 2184 1132 2225 ex
1155 2160 1252 2227 Creta
1275 2162 1411 2226 domum
1435 2160 1533 2245 profi-

415 2278 551 2353 oisoens,
587 2278 644 2341 sed
675 2298 753 2341 mox
784 2278 820 2342 in
855 2278 968 2342 insula
990 2278 1061 2341 Diae
1084 2277 1206 2361 perfide
1230 2278 1374 2360 reliquit.
1408 2278 1534 2341 Looum

416 2392 567 2457 imitatur
589 2391 648 2457 Ov.
671 2394 709 2456 A.
733 2394 771 2457 A.
795 2394 854 2459 HI.
881 2396 1033 2459 35—36:
1062 2393 1249 2472 «Quantum
1273 2394 1309 2455 in
1332 2397 1376 2471 te,
1393 2394 1531 2469 Theseu,

415 2508 567 2573 volueres
590 2509 738 2575 Ariadna
760 2512 908 2575 marinas
925 2512 1020 2575 Pavit
1035 2512 1071 2574 in
1087 2512 1201 2591 ignoto
1220 2511 1292 2574 sola
1308 2510 1423 2574 relicta
1438 2510 1530 2573 loeo»

418 2629 451 2686 et
474 2624 554 2688 ibid.
577 2624 603 2689 L
628 2627 735 2691 5—7:
770 2625 913 2691 «Gnosis
936 2628 973 2691 in
997 2627 1122 2709 ignotis
1146 2645 1262 2689 amans
1286 2624 1416 2689 errabat
1439 2625 1534 2688 hare·

417 2740 503 2805 niso.
528 2777 573 2785 —
594 2742 709 2827 ignoto
723 2789 756 2807 ..
776 2742 904 2826 ‚mart
927 2742 969 2805 ad
993 2742 1146 2823 ignotum
1168 2761 1271 2819 mare,
1295 2742 1331 2804 in
1350 2740 1448 2804 litore
1464 2758 1534 2802 ma·

417 2855 463 2918 ris
494 2856 612 2936 ignoti,
645 2860 684 2920 ut
714 2857 810 2940 Prop.
847 2855 872 2921 L
907 2859 937 2935 3,
974 2858 1079 2921 1-az
1118 2856 1251 2935 «Qualis
1282 2856 1409 2920 Thesea
1432 2856 1535 2919 iacuit

419 2971 556 3037 cedente
589 2976 703 3039 carina
734 2975 909 3057 Languida
939 2974 1079 3038 desertis
1113 2973 1240 3039 Gnosia
1262 2972 1460 3047 litoribuso;
1494 2971 1534 3034 of.

318 3084 327 3099 ⁸
414 3084 538 3151 damu
573 3091 625 3166 64,
662 3092 855 3156 raas—133:
892 3089 1021 3154 «sicine
1054 3111 1107 3155 me
1138 3088 1256 3171 patriis
1280 3090 1437 3161 avectam,
1455 3107 1535 3168 ‚per-

418 3200 492 3281 fide,
518 3205 558 3268 ab
583 3208 661 3285 oris,
693 3207 830 3283 Perfida,
859 3207 990 3272 deserto
1014 3207 1142 3289 liquisti
1165 3207 1202 3269 in
1224 3206 1331 3281 litore,
1358 3204 1532 3268 Theseus»

419 3317 608 3401 Lygdamus
640 3322 793 3386 imitatur
825 3323 1045 3405 Propertium,
1080 3323 1137 3404 qui
1169 3341 1255 3403 saepe
1280 3320 1424 3401 simplioi
1448 3319 1536 3382 abla-

419 3438 490 3502 tivo
520 3438 586 3501 looi
617 3440 725 3502 utitur
755 3458 817 3520 pro
850 3438 896 3504 od
927 3442 961 3502 et
993 3439 1189 3515 accusativo,
1217 3437 1303 3501 utI.
1332 3438 1381 3512 15,
1407 3435 1536 3499 9—10:

424 3553 484 3619 «Aa
515 3575 585 3619 non
618 3556 664 3619 sia
696 3556 800 3620 Ithaci
830 3556 981 3637 digressu
1003 3561 1094 3620 mota
1118 3550 1259 3637 Calypso
1284 3552 1431 3618 Desertis
1456 3550 1537 3614 olim

420 3668 557 3735 fleverat
588 3668 793 3754 aequoribus»
830 3672 851 3735 i.
877 3691 904 3734 e.
928 3671 1085 3734 inlitora
1109 3670 1231 3734 deserti
1255 3668 1375 3745 maris;
1407 3666 1486 3730 ibid.
1510 3666 1536 3729 Ι.

424 3789 474 3863 14,
502 3789 605 3852 1-22
635 3787 700 3851 «Tu
715 3788 795 3852 lieet
810 3788 957 3851 abiectus
974 3786 1129 3850 Tiberina
1145 3785 1293 3849 molliter·
1311 3783 1402 3847 unda
1417 3782 1538 3845 Lesbia

422 3905 597 3969 Mentoreo
628 3905 708 3969 vina
722 3904 818 3968 bibas
842 3924 958 3987 opere»
986 3903 1008 3967 i.
1033 3924 1061 3965 e.
1086 3901 1128 3965 ad
1151 3900 1304 3976 Tiberim,
1330 3900 1366 3962 in
1389 3900 1461 3979 ripa
1485 3896 1537 3960 Ti-

421 4022 520 4085 beris.
556 4020 710 4087 Ceterum
744 4023 784 4085 of.
821 4022 923 4085 etiam
958 4020 1033 4083 adn.
1071 4038 1171 4101 supra
1206 4017 1247 4081 ad
1280 4014 1339 4080 III.
1380 4016 1440 4080 38:
1484 4013 1538 4077 «in

421 4138 566 4219 ignava.
587 4187 594 4201 .
614 4186 621 4201 .
640 4136 743 4201 Oreus
776 4157 895 4219 aqua».
929 4173 974 4181 -
1006 4130 1063 4199 Sic
1096 4131 1217 4199 cecinit
1246 4149 1312 4216 pro
1348 4132 1378 4195 ta
1410 4126 1540 4211 doctas,

422 4252 539 4333 Minoi,
565 4251 734 4330 Catullus,
759 4252 847 4334 apud
871 4251 1041 4317 Catullum
1064 4270 1089 4314 o.
1116 4251 1169 4314 64.
1193 4268 1257 4313 vss.
1285 4246 1469 4313 13a-201t
1493 4245 1538 4307 le·

421 4377 546 4454 guntur
578 4370 719 4452 querelae
750 4368 904 4432 Ariadna
937 4388 957 4431 a
988 4366 1115 4430 Theseo
1148 4364 1295 4429 desertae.
1329 4398 1373 4407 —
1401 4378 1467 4443 pro
1493 4363 1539 4440 ta,

423 4487 575 4553 Catullus
599 4487 689 4549 enim
714 4486 787 4567 ipsa
802 4484 956 4548 Ariadna
972 4482 1073 4548 verba
1087 4484 1188 4547 refert
1204 4481 1225 4544 l.
1244 4480 1267 4543 l.
1283 4516 1328 4523 -
1347 4475 1463 4543 doctus
1479 4524 1487 4540 .
1505 4524 1514 4541 .
1532 4526 1541 4541 .
