3834 5492
734 681 776 727 AD
794 681 889 726 LYGD.
910 681 1004 728 mua.
1022 681 1057 727 11.
1078 679 1179 727 5—14.
1483 664 1531 717 39⁸¹

398 860 536 943 poetria
563 858 680 923 Caleni
703 878 825 922 uxore:
854 877 911 922 oea
934 878 997 921 neo
1021 858 1182 923 Tonantis
1205 879 1287 923 uxor
1310 860 1376 923 Neo
1395 861 1518 927 Bacchi

398 996 458 1039 nec
480 974 648 1057 Apollinis
670 974 785 1057 puella
806 974 931 1056 Erepto
955 973 1020 1038 sibi
1042 975 1170 1039 viveret
1193 972 1347 1039 Caleno».

441 1090 480 1155 V.
504 1091 603 1155 5-8.
626 1089 749 1175 firmus
772 1089 810 1153 iu
833 1087 904 1169 hoe,
928 1090 964 1152 in
988 1090 1050 1153 hao
1082 1111 1117 1153 re
1150 1090 1333 1169 toleranda,
1367 1096 1405 1155 ut
1436 1092 1516 1157 dioi-

397 1213 453 1272 tur
463 1232 470 1271 :
482 1206 598 1272 firmus
613 1208 651 1271 in
668 1208 845 1285 sententia,
861 1208 899 1270 in
914 1226 1014 1271 causa
1031 1211 1185 1289 suscepta
1201 1210 1261 1272 eto.
1279 1244 1321 1253 -
1333 1208 1514 1293 patientia,

398 1344 443 1389 so.
475 1325 511 1387 in
545 1325 659 1388 dolore
682 1323 899 1406 perferend03
927 1325 967 1388 of.
991 1324 1073 1389 Hor.
1105 1323 1213 1389 Carm.
1236 1325 1263 1389 I.
1287 1325 1340 1401 24,
1368 1324 1516 1392 19—20:

402 1438 567 1504 «Durumz
600 1439 657 1502 sed
690 1439 798 1503 levius
820 1437 858 1502 fit
880 1440 1052 1521 patientia,
1088 1438 1256 1524 Quidquid
1279 1442 1443 1523 corrigere
1467 1446 1518 1506 est

396 1558 523 1621 nefas».
547 1593 592 1601 —-
614 1555 762 1641 ingestio,
787 1555 937 1638 exemplo
962 1556 1161 1639 scriptorum
1177 1556 1405 1639 antiquiorum
1419 1558 1516 1640 poni-

397 1679 452 1737 tur
484 1673 547 1737 hoo
574 1674 648 1737 loeo
671 1692 752 1753 pro:
786 1672 909 1746 animo,
933 1675 1088 1757 pectore,u
1103 1671 1201 1737 oorde
1225 1672 1275 1752 (ef.
1300 1673 1389 1736 infra
1410 1671 1517 1759 fortia

397 1786 501 1855 corda
523 1806 570 1852 vs.
597 1788 658 1868 6.);
683 1790 784 1869 poeta
807 1788 947 1851 fortasse
972 1790 1051 1851 ante
1075 1787 1190 1853 oculos
1206 1786 1325 1851 habuit
1340 1787 1413 1852 Aoo.
1430 1792 1514 1869 trag.

397 1905 481 1969 683:
509 1903 663 1967 «Nullum
687 1906 738 1967 est
759 1900 938 1987 inpertiam
959 1906 1093 1967 tantum
1115 1923 1223 1986 neque
1239 1921 1296 1969 cor
1310 1906 1381 1967 tam
1397 1904 1514 1981 ferum,

396 2016 486 2101 quod
507 2037 577 2082 non
600 2016 748 2081 labascat
771 2016 896 2098 lingua,
921 2018 1076 2082 mitescat
1097 2018 1219 2082 malos.
1244 2016 1293 2083 Gi.
1311 2019 1412 2083 etiarn
1427 2018 1516 2083 Enn.

396 2137 481 2202 Ann.
507 2136 592 2200 395:
621 2135 813 2216 «ingenium
836 2135 940 2199 forte»
969 2138 1002 2198 et
1025 2132 1103 2199 Sall.
1127 2134 1199 2217 Iug.
1227 2133 1298 2211 103,
1325 2134 1361 2199 2ε
1401 2135 1516 2217 «quin-

396 2272 459 2335 que
483 2252 593 2334 elegit,
618 2271 759 2335 quorum
783 2250 920 2333 ingenia
942 2250 1151 2315 validissima
1175 2254 1302 2314 erant».
1331 2287 1378 2327 .-
1409 2248 1516 2336 fortia

396 2366 512 2445 corda,
535 2347 713 2448 intellege}
736 2368 790 2431 vel
813 2367 938 2447 (etiam)
962 2366 1063 2431 fortia
1086 2364 1186 2431 eorda
1209 2366 1333 2449 frangit
1349 2368 1453 2449 dolor,
1477 2377 1516 2436 ut

395 2486 485 2549 infra
506 2484 561 2549 IV.
588 2484 649 2549 76:
684 2483 890 2548 «Vincuntur
912 2484 1009 2547 molli
1031 2486 1166 2565 peotora
1191 2482 1274 2545 dura
1296 2503 1412 2565 preoe»
1438 2486 1461 2551 i.
1486 2509 1515 2552 θ.

395 2600 449 2664 vel
473 2599 556 2663 dura
588 2601 733 2681 pectora
766 2597 830 2662 His
852 2598 955 2680 igitur
977 2598 1060 2662 loeis
1083 2598 1121 2661 in
1143 2598 1217 2679 ipso
1241 2596 1403 2664 adieetivo
1426 2601 1516 2667 inest
1592 2652 1595 2659 ,

395 2718 507 2781 notio:
543 2716 606 2791 vel,
643 2715 758 2779 etiam.
793 2751 836 2761 -
868 2714 963 2800 loqui
991 2712 1106 2799 pudor
1140 2714 1202 2797 est,
1234 2714 1405 2797 eleganter
1434 2738 1515 2800 pro:

394 2831 498 2915 pudet
509 2853 518 2907 ;
552 2831 708 2895 similiter
740 2827 798 2895 0v.
832 2830 926 2895 Rem.
951 2830 1038 2895 359:
1076 2828 1202 2894 «Multa
1228 2830 1362 2912 quidem
1386 2852 1425 2895 ex
1446 2830 1516 2895 illis

395 2947 503 3031 pudor
535 2951 586 3011 est
616 2946 701 3010 mihi
736 2945 876 3022 dicere»,
910 2945 988 3011 Met
1023 2944 1108 3011 XIV.
1137 2945 1285 3012 18-19:
1314 2944 1442 3010 rPudor
1465 2948 1518 3009 est

394 3063 610 3147 promissa..
630 3062 795 3126 ‚referres
833 3064 866 3125 et
896 3060 988 3125 Fast.
1019 3060 1057 3125 V.
1083 3060 1168 3125 532:
1205 3060 1331 3143 «pudor
1357 3064 1408 3126 est
1430 3062 1514 3126 ulte·

393 3179 483 3243 riora
510 3178 635 3261 loquis.
668 3213 713 3221 —
754 3176 898 3262 vitaeque
914 3228 942 3241 ..
963 3225 971 3239 .
983 3195 1170 3263 perpessa,
1202 3178 1379 3259 genitivus,
1412 3178 1515 3260 iunge

395 3316 471 3361 oum
495 3293 610 3362 tudio.
633 3330 678 3339 —
702 3292 807 3360 todia
829 3294 925 3373 uoto,
951 3295 1090 3377 supple:
1116 3314 1206 3369 esse;
1231 3295 1271 3358 oi
1295 3292 1376 3358 Hor.
1396 3290 1462 3358 Sat.
1487 3294 1513 3357 Ι.

396 3411 426 3490 3,
454 3411 513 3476 111
530 3435 538 3475 :
566 3409 663 3474 «Iura
677 3410 815 3475 inventa
830 3412 924 3473 metu
938 3408 1057 3473 iniusti
1073 3409 1197 3473 fateare
1212 3427 1350 3473 neeesse
1372 3410 1454 3472 est».
1470 3444 1515 3453 —

396 3523 509 3604 todia,
532 3528 633 3609 poeta
654 3528 797 3589 mortem
822 3523 885 3588 sibi
908 3524 981 3606 ipse
1005 3524 1209 3589 eoneoisoere
1231 3523 1311 3600 vult,
1337 3522 1396 3588 sed
1409 3522 1516 3588 utitur

396 3642 627 3725 euphemismo
652 3641 823 3706 orationis.

439 3758 477 3823 V.
502 3759 622 3823 9-14.
647 3756 739 3845 Ergo
768 3776 846 3822 eum
878 3760 1014 3823 leuraam
1046 3756 1143 3843 fuero
1175 3760 1330 3823 mutatos
1362 3756 1401 3823 ia
1431 3776 1512 3823 um-

397 3873 504 3951 bram,
539 3874 563 3938 i.
596 3893 622 3937 e.
658 3873 696 3936 in
727 3892 809 3956 rogo
841 3873 1034 3957 combustus
1066 3873 1178 3947 fuero;
1212 3871 1390 3936 eredebant
1424 3872 1515 3935 enirn

396 3989 525 4072 antiqui
549 3989 697 4053 animam
720 3989 756 4052 in
779 3988 857 4070 igne
890 4008 910 4051 a
942 4007 1079 4069 corpore
1103 3987 1198 4065 solvi,
1221 3989 1261 4049 ut
1281 3985 1380 4069 Prop.
1402 3985 1456 4051 IV.
1483 3987 1512 4062 7,

396 4105 437 4168 l:
475 4103 683 4186 «Luridaque
716 4104 840 4167 euictos
873 4102 988 4184 effugit
1017 4102 1135 4167 umbra
1167 4120 1306 4183 rogoso;
1341 4098 1398 4165 Ov.
1422 4098 1513 4165 Fast.

395 4217 433 4283 V.
457 4217 542 4283 463:
581 4218 715 4300 «elapsa
746 4219 819 4300 rogi
842 4216 988 4281 flammis
1012 4219 1044 4280 et
1066 4216 1179 4280 inanis
1202 4216 1332 4296 imago»
1360 4217 1394 4278 et
1416 4213 1511 4279 Trist

395 4331 449 4397 IV.
486 4334 536 4409 10,
570 4334 633 4398 86:
671 4332 732 4396 «Et
760 4332 894 4415 graoilis
923 4334 1068 4395 structos
1101 4329 1216 4413 effugit
1241 4329 1361 4393 umbra
1382 4347 1512 4409 rogos».

396 4446 506 4526 Quare
539 4446 627 4529 apud
658 4445 828 4511 Romanos
860 4446 897 4508 in
928 4446 1045 4509 funere
1067 4446 1308 4528 imperatorum
1332 4442 1443 4526 aquila
1466 4443 1514 4506 di·
