3834 5492
395 664 429 717 38
739 683 782 727 en
800 684 895 728 uror).
914 683 1007 727 enno.
1027 683 1063 728 11.
1084 680 1165 728 1—e

397 862 534 945 supple:
559 862 615 925 sie.
639 896 682 904 —
707 858 809 925 huius
834 879 930 944 speri
953 860 1104 925 uoruiuis
1122 860 1176 926 iili
1192 858 1332 947 Auferet
1349 859 1517 949 eustiucio

391 975 529 1061 puiiidc
564 974 654 1041 Ditis
684 994 785 1059 crpus,
818 996 923 1058 usque
959 976 1002 1040 cd
1032 981 1172 1041 mortem
1205 998 1275 1041 non
1298 978 1428 1041 desinet
1450 978 1516 1069 noe

396 1076 538 1175 sperare.
563 1130 606 1138 -—
628 1090 762 1177 pallido
785 1090 876 1157 Ditis
901 1112 1005 1177 apuu,
1029 1094 1137 1157 omnis
1161 1094 1322 1168 infernus,
1340 1112 1400 1176 per
1415 1113 1513 1175 quem

393 1210 563 1274 vehuntur
594 1212 714 1273 enimse
746 1212 974 1289 mortuorum
1003 1206 1152 1295 pallido,
1184 1213 1262 1273 sunt
1286 1210 1375 1273 enim
1400 1210 1516 1296 omnic

396 1326 530 1388 inferno
552 1324 671 1387 mortis
689 1324 818 1405 pallore
841 1324 984 1401 infecte;
1010 1326 1049 1388 cf.
1074 1325 1162 1389 inire
1184 1324 1222 1387 V.
1240 1325 1301 1389 m:
1331 1324 1516 1406 «pellentes

394 1440 520 1504 undas»
558 1444 590 1502 et
622 1439 748 1521 Anytee
782 1440 986 1523 epigramma
1016 1440 1117 1505 Anth.
1150 1441 1218 1505 Pel.
1252 1440 1322 1505 VII.
1358 1440 1443 1533 186,
1470 1440 1514 1503 4:

396 1556 526 1641 Χλωρὸν
550 1552 625 1641 ὑπὲρ
647 1536 784 1643 ποταμοῦ
806 1554 897 1643 χεῦμ’
923 1556 1107 1643 Ἀχέροντος
1132 1556 1199 1641 ἔβα.
1224 1557 1415 1639 Lygdamus
1435 1560 1515 1647 ente

399 1672 514 1735 oeulos
537 1671 656 1735 hebuit
679 1669 799 1736 ceum
824 1673 876 1748 65,
902 1674 1008 1735 5—6:
1042 1672 1206 1753 «Namque
1230 1673 1297 1735 mei
1321 1692 1428 1759 nuper
1451 1670 1514 1733 Le-

395 1786 483 1849 thaeo
516 1788 645 1869 gurgite
670 1787 781 1851 fratris
808 1782 1011 1851 Peliidulum
1034 1807 1177 1851 menone
1213 1786 1319 1850 adluit
1342 1787 1511 1873 1111111911-

398 1902 506 1967 deme.
524 1939 566 1947 --
590 1901 682 1969 Ditis
700 1921 803 1987 equa,
819 1902 928 1966 omnis
944 1904 1105 1981 infernus,
1124 1906 1161 1966 ut
1180 1904 1267 1966 infre
1282 1903 1342 1968 m.
1359 1901 1515 1967 37-38:

399 2019 453 2082 «in
475 2023 588 2082 vastos
612 2037 728 2095 amnes
751 2018 946 2100 nigramque
969 2018 1125 2100 peludem
1148 2018 1268 2082 Dius».

925 2320 969 2387 H.

439 2482 700 2569 Argumentum.
725 2482 915 2572 Lygdamus
938 2483 1051 2546 Neeera
1077 2483 1139 2545 sibi
1173 2487 1294 2565 erepte,
1328 2502 1403 2546 cum
1435 2487 1512 2550 tun-

394 2602 467 2663 tum
491 2598 640 2662 dolorem
664 2599 749 2662 ferre
773 2617 843 2662 non
865 2598 981 2680 possit,
1005 2598 1081 2661 vitae
1105 2600 1155 2661 tot
1177 2598 1267 2661 mele
1290 2618 1456 2680 perpessae
1475 2617 1514 2685 se

393 2718 571 2797 pertaesum
593 2734 667 2786 esse
691 2698 814 2777 fatetur
829 2714 965 2796 vultque
981 2717 1122 2777 mortem
1139 2714 1201 2777 sibi
1218 2714 1289 2796 ipse
1307 2714 1511 2794 consciscere

393 2831 525 2910 (1-8.).
549 2828 678 2893 Deinde
702 2829 822 2892 ultimo
843 2828 1002 2893 mandute
1026 2829 1082 2893 dot
1113 2832 1146 2893 et
1177 2831 1310 2911 copiose
1343 2829 1511 2909 describit,

394 2945 560 3029 quomodo
596 2945 637 3009 eb
672 2966 773 3009 uxore
809 2945 943 3028 eiusque
976 2949 1082 3008 metro
1114 2946 1201 3009 iuste
1232 2945 1296 3010 sibi
1329 2947 1400 3010 deri
1429 2946 1516 3011 velit

392 3061 547 3142 (si-ru).
574 3061 614 3124 In
637 3060 703 3125 fine
726 3062 849 3143 legitur
871 3061 989 3125 titulus
1014 3062 1164 3143 sepulcro
1189 3035 1513 3149 inscribenduquui

391 3179 511 3242 mortis
534 3197 669 3241 causum
694 3178 842 3241 dolorem
866 3177 908 3240 ob
932 3179 1080 3259 ereptum
1103 3178 1252 3242 Neaeram
1279 3180 1382 3255 fuisse
1407 3179 1507 3260 signi-

390 3293 467 3357 fieat
489 3293 666 3373 (rr-eos.

436 3525 474 3590 V.
501 3525 595 3590 1—4.
625 3524 693 3604 Qui
709 3524 848 3610 primus
872 3543 991 3590 curum
1022 3525 1137 3591 iuueui
1170 3546 1354 3611 corumque
1385 3527 1514 3617 pueiiur

392 3640 531 3727 Eripuit
554 3641 722 3724 iuuenem,
743 3642 875 3728 ferreus
899 3641 957 3708 iile
980 3640 1056 3727 fuit,
1088 3646 1187 3725 poeta
1210 3647 1288 3707 ente
1312 3644 1426 3707 oculos
1449 3645 1525 3725 he.

390 3760 464 3823 buit
496 3758 565 3821 Tib.
588 3758 615 3821 I.
642 3759 691 3835 10,
720 3760 824 3823 1-11
861 3758 961 3837 «Quis
994 3759 1067 3835 fuit,
1092 3758 1276 3823 horrendos
1298 3760 1515 3847 primus-*qui

389 3876 531 3957 protuiit
563 3878 698 3939 enses?
717 3875 824 3955 Quem
847 3876 937 3939 ferus
961 3879 994 3938 et
1015 3896 1091 3939 vere
1115 3876 1241 3939 ferreus
1263 3876 1320 3941 ilic
1345 3876 1449 3939 111111.ι
1464 3912 1507 3955 ··..

390 4009 511 4076 curere
534 3990 649 4055 iuucui
666 4039 674 4054 .
692 4038 700 4053 .
719 4039 725 4054 .
745 3988 893 4074 Eripuit,
924 3994 967 4057 ut,
993 3976 1090 4073 Prop.
1122 3990 1164 4055 Π.
1201 3992 1230 4066 8,
1268 3993 1304 4055 1;
1341 3990 1516 4077 «Eripitur

389 4107 488 4170 nobis
511 4108 580 4170 iem
603 4106 733 4189 pridem
756 4126 832 4170 cere
854 4107 1000 4189 puella».
1024 4144 1068 4151 —
1082 4126 1213 4189 curum,
1229 4127 1272 4171 sc.
1289 4108 1448 4189 pueliam.
1463 4143 1515 4151 -—-

389 4221 522 4306 ferreus
555 4202 617 4286 ilie
649 4220 725 4306 fuit,
752 4221 868 4286 eedem
885 4220 991 4292 ¹verbu
1013 4222 1050 4291 in
1071 4220 1137 4285 fine
1160 4222 1363 4303 pentametri
1386 4220 1515 4306 Tihpi„

390 4338 441 4414 10,
468 4337 511 4413 1.,
535 4321 633 4401 initio
658 4338 842 4401 hexametri
865 4337 933 4402 111.
957 4338 984 4402 1.
1011 4338 1039 4413 c,
1065 4337 1116 4402 65.
1142 4375 1185 4382 -
1215 4334 1329 4403 Vivere
1346 4338 1511 4428 correpte

390 4452 532 4537 coeeiupc
556 4453 617 4536 qui
634 4453 760 4538 potuit,
784 4454 828 4533 cf.⁴
849 4452 991 4544 Mortiel.
1017 4453 1055 4539 X.
1075 4454 1125 4547 35,
1147 4452 1516 4541 19—u1uesnprsseis
