3834 5492
528 1444 1033 1530 Auuouxurouns
1061 1445 1340 1529 caruisse

436 1575 439 1582 ’
574 1604 575 1608 ‘
694 1625 776 1706 AD
804 1613 1169 1708 nicoenum.

421 1943 462 2006 ln
484 1943 595 2008 verbis
619 1944 781 2026 Lygdami
805 1945 1051 2010 constituendis
1076 1945 1181 2009 secuti
1209 1964 1325 2008 sumus
1358 1946 1504 2027 optimos

378 2057 501 2121 Tibulli
536 2058 675 2136 codices,
711 2060 972 2125 Ambrosianum
1011 2064 1044 2124 et
1081 2058 1301 2135 Vaticanum3
1343 2064 1504 2141 praeterea

379 2160 636 2256 diligentissime
660 2177 924 2242 examinavimus
947 2177 1109 2240 lectiones
1125 2176 1305 2258 fragmenti
1321 2173 1501 2252 Ouiaciani,

378 2287 535 2371 florilegii
566 2290 711 2354 Parisini
746 2296 779 2356 et
808 2297 1038 2375 excerptorum
1069 2292 1350 2373 Frisingensium.
1381 2291 1423 2356 In
1445 2290 1502 2356 ad-

378 2404 611 2469 notationibus
635 2407 870 2490 exscripsimus
893 2408 987 2473 locos
1004 2388 1131 2484 ornnes,
1149 2407 1208 2470 ubi
1223 2406 1264 2470 ab
1280 2407 1503 2472 Ambrosieno

379 2518 616 2585 discedendum
639 2524 842 2604 putavimus.

423 2637 519 2701 Notis
543 2637 694 2703 codicum
717 2640 771 2703 usi
795 2659 910 2704 sumus
934 2641 1043 2704 hisce:

423 2747 504 2816 A:
519 2753 621 2816 codex
654 2754 896 2820 Ambrosianus
930 2755 969 2820 R.
995 2758 1047 2821 76.
1071 2773 1145 2838 sup.
1175 2756 1296 2820 saeculo
1329 2750 1431 2820 xlv?
1450 2775 1502 2818 ex·

379 2871 479 2932 sainte
504 2869 656 2951 scriptus.

423 2979 456 3046 V
468 3011 504 3037 =
519 2983 621 3048 codex
642 2984 825 3050 Vaticanus
850 2987 947 3050 3770.
966 2985 1006 3050 ab
1023 2986 1100 3050 aliis
1117 2986 1237 3050 saeculo
1254 2985 1340 3050 XIV.
1359 2985 1501 3062 exeunti,

380 3097 420 3161 sb
445 3099 521 3162 aliis
544 3097 613 3164 XV.
637 3099 770 3163 ineunti
794 3101 993 3182 assignatus.

422 3209 498 3277 F:
515 3215 742 3296 fragmentum
777 3215 899 3279 codicis
933 3216 1067 3293 vetusti,
1103 3215 1185 3280 olim
1218 3215 1255 3278 in
1290 3215 1503 3297 possessione

378 3329 490 3393 lecobi
524 3327 659 3407 Cuiacii,
695 3350 785 3394 nunc
813 3330 1034 3412 deperditum,
1054 3331 1149 3396 ouius
1172 3313 1343 3394 lectiones
1359 3327 1503 3409 Scaliger

379 3445 552 3509 transtulit
584 3446 620 3508 in
654 3446 822 3528 exemplar
855 3444 1013 3510 editionis
1056 3444 1279 3509 Plsntinicnse
1312 3446 1352 3523 (a
1384 3442 1501 3522 1569.),

381 3559 474 3642 quos¹
500 3581 590 3624 nune
616 3561 654 3624 in
676 3560 879 3626 bibliothece
901 3541 1060 3627 tenens
1082 3563 1172 3626 inter
1193 3560 1298 3625 ueros
1322 3559 1504 3642 arpennos

381 3677 424 3750 (n.
451 3675 516 3754 59.)
540 3679 719 3740 servatur.'

424 3785 500 3852 P=
514 3789 716 3872 florilegium
749 3791 951 3870 Parisinum,
988 3791 1077 3874 quod
1105 3792 1141 3855 in
1174 3789 1303 3853 duobus
1336 3787 1503 3852 codicibus

379 3906 550 3982 Parisinis,
577 3906 675 3970 7647.
709 3907 794 3985 (saec.
829 3905 1014 3987 ΧΠΙΧΠΙ.)
1048 3911 1083 3970 et
1118 3906 1235 3972 17903.
1276 3906 1360 3984 (saec.
1399 3901 1504 3982 xm)

381 4025 494 4086 exstat.

424 4133 459 4201 Μ
473 4164 508 4192 =
523 4141 675 4220 excerpta
696 4137 929 4219 Frisingensia
954 4138 993 4201 in
1024 4136 1137 4201 codice
1170 4137 1252 4201 olim
1282 4135 1502 4218 Frisingensi‚

380 4247 470 4317 nunc
493 4231 688 4316 Monacensi
712 4253 808 4318 6797.
834 4273 907 4318 saec.
931 4253 989 4318 XI.
1120 4288 1123 4295 ·

427 4363 504 4432 G:
518 4368 620 4432 codex
644 4367 926 4451 Guelferbytanus
950 4390 1024 4434 saec.
1047 4369 1116 4434 XV.

424 4477 648 4548 D:co'dices
671 4463 863 4550 deteriores.
923 4501 925 4508 ’
1108 4488 1111 4495 “
