3834 5492
829 708 1057 754 PANEGYRIGUS.

472 890 570 954 Victa·
590 887 750 953 Maroneo
775 886 917 950 foedatus
940 883 1072 948 lumina
1094 884 1245 950 Baccho:

473 1005 569 1068 Vexit
593 1007 627 1067 et
648 1003 783 1068 Aeolios
805 1000 976 1084 placidum
999 1020 1059 1081 per
1081 998 1188 1063 Nerea
1210 1004 1347 1063 ventos:

432 1142 435 1146 ·
473 1121 623 1185 Incultos
647 1120 729 1184 adiit
752 1118 986 1200 Laestrygonas
1009 1117 1292 1200 Antiphatenque‚

475 1235 603 1299 Nobilis
626 1234 757 1298 Artacie
781 1232 891 1314 gelida
915 1251 997 1314 quos
1022 1230 1138 1313 irrigat
1160 1230 1270 1296 unda:
1475 1262 1504 1299 eo

476 1348 592 1414 Solum
614 1369 676 1414 nec
700 1349 804 1413 doctae
829 1349 1001 1411 verterunt
1023 1346 1144 1428 pocula
1167 1344 1286 1421 Circes,

476 1466 634 1545 Quamvis
657 1465 717 1530 illa
739 1466 825 1529 forst
848 1460 935 1528 Solis
958 1482 1074 1545 genus,
1099 1465 1178 1545 apta
1199 1464 1253 1527 vel
1275 1464 1388 1527 herbis

476 1583 626 1665 Aptaque
649 1583 703 1646 vel
726 1585 828 1645 cantu
851 1585 980 1644 veteres
1004 1581 1133 1643 mutare
1156 1577 1297 1660 figuras:

477 1698 680 1764 Cimmerion
705 1699 807 1763 etiam
831 1697 988 1762 obscuras
1012 1696 1151 1759 accessit
1175 1693 1215 1758 ad
1240 1715 1339 1771 arces,

479 1816 562 1895 Quis
583 1835 768 1897 numquam
791 1813 956 1877 candente
981 1810 1052 1875 dies
1078 1812 1233 1893 apparuit
1257 1818 1340 1889 ortu,
1477 1842 1506 1878 aa

480 1929 546 1995 San
568 1950 668 2012 supra
691 1934 795 1994 terras
819 1928 964 1991 Phoebus
989 1946 1048 1989 seu
1071 1931 1218 1990 curreret
1240 1926 1346 1991 infra:

478 2044 577 2121 Vidit,
603 2050 640 2109 ut
663 2045 795 2109 inferno
818 2043 973 2107 Plutonis
998 2040 1129 2106 subdita
1154 2062 1257 2123 regno

479 2162 602 2244 Magna
625 2161 723 2225 deum
747 2158 860 2243 proles
883 2157 1013 2221 levibus
1037 2155 1236 2221 discurreret
1259 2158 1395 2233 umbris,

478 2277 704 2359 haetenitque
728 2277 794 2339 cita
818 2273 974 2339 Sirenum
998 2274 1098 2338 litora
1120 2275 1236 2357 puppi.

480 2394 579 2457 lllum
603 2394 691 2456 inter
714 2393 856 2474 geminae
879 2395 1019 2455 nantem
1043 2390 1188 2455 confinia
1211 2393 1329 2456 mortis
1480 2424 1508 2461 ro

479 2508 546 2572 Nec
571 2506 687 2591 Scyllas
712 2521 798 2572 saevo
823 2509 1008 2572 conterruit
1031 2510 1176 2590 impetus
1196 2528 1262 2586 ore,

482 2624 565 2689 Cum
589 2623 727 2688 canibus
751 2623 884 2688 rabidas
906 2624 996 2688 inter
1020 2626 1091 2688 lera
1114 2628 1261 2707 serperet
1284 2624 1403 2702 undas,

481 2739 548 2804 Nec
570 2741 718 2805 violenta
742 2761 802 2805 suo
827 2742 1037 2823 consumpsit
1060 2762 1152 2805 more
1177 2739 1370 2823 Charybdis,

481 2856 542 2920 Vel
567 2857 595 2919 si
619 2857 772 2921 sublimis
795 2855 899 2920 fluctu
923 2861 1139 2939 consurgeret
1162 2858 1239 2934 imo,

482 2971 543 3036 Vel
566 2973 595 3035 si
617 2972 806 3054 interrupto
830 2971 974 3036 nudaret
997 2973 1128 3054 gurgite
1151 2975 1303 3055 pontum.
1482 3003 1510 3039 π,

482 3086 557 3150 Non
580 3086 704 3150 violata
727 3086 802 3167 vagi
826 3086 990 3150 sileantur
1012 3105 1136 3168 pascua
1160 3084 1257 3163 Solis,

482 3200 557 3265 Non
580 3220 674 3264 amor
697 3204 730 3264 et
753 3200 895 3264 fecunda
916 3200 1106 3265 Atlantidos
1131 3222 1208 3267 arva
1232 3201 1404 3285 Calypsus,

482 3316 577 3381 Finis
601 3320 634 3379 et
657 3317 778 3381 erroris
802 3318 915 3380 miseri
938 3317 1091 3381 Phaeacia
1113 3318 1224 3384 tellus.

483 3431 590 3513 Atque
614 3431 684 3495 haec
708 3451 768 3495 seu
792 3436 925 3496 nostras
949 3432 1039 3495 inter
1062 3435 1141 3496 sunt
1163 3437 1296 3515 cognita
1319 3438 1434 3513 terras,

483 3545 610 3610 Fabula
633 3547 703 3610 sive
726 3566 852 3610 novum
875 3545 966 3611 dedit
990 3547 1044 3611 his
1068 3547 1234 3612 erroribus
1259 3549 1381 3624 orbem,
1483 3578 1511 3615 so

485 3660 652 3727 Sit‘labor
675 3662 777 3738 illius,
802 3667 860 3726 tna
884 3662 964 3727 dum
988 3664 1152 3741 facundia,
1177 3665 1293 3729 maior.

528 3780 600 3842 Iam
623 3784 655 3842 te
680 3800 750 3843 non
773 3779 860 3843 alius
885 3780 964 3845 belli
991 3783 1080 3843 tenet
1104 3782 1214 3861 aptius
1238 3786 1334 3858 artes,

485 3896 557 3974 Qua
580 3895 695 3958 deceat
717 3897 824 3957 tutam
848 3897 965 3959 castris
989 3895 1177 3978 praeducere
1200 3897 1333 3974 fossam,

486 4010 635 4088 Qualiter·
659 4010 815 4074 adversos
838 4011 928 4075 hosti
952 4012 1093 4095 defigere
1117 4032 1240 4090 cervos,

486 4128 631 4208 Quemve
655 4128 767 4192 locum
791 4125 889 4191 ducto
913 4129 1035 4192 melius
1060 4130 1103 4193 sit
1128 4129 1280 4193 claudere
1303 4130 1401 4207 vallo,
1485 4158 1512 4197 ss

417 4332 421 4339 1
486 4242 649 4308 Fontibus
672 4249 711 4308 ut
734 4245 848 4308 dulces
873 4249 1027 4327 erumpat
1049 4249 1138 4308 terra
1161 4246 1317 4328 liquores,

487 4359 532 4424 Ut
550 4359 721 4442 facilisque
746 4361 814 4424 tuis
839 4359 948 4423 aditus
973 4361 1017 4423 sit
1042 4364 1074 4423 et
1098 4360 1219 4424 arduus
1244 4362 1342 4437 hosti,

486 4474 610 4539 Laudis
635 4481 666 4540 et
690 4474 828 4539 adsiduo
852 4475 964 4557 vigeat
986 4476 1166 4539 certamine
1192 4476 1307 4542 miles:
1397 4494 1399 4497 ·
