3834 5492
763 712 804 755 An
824 711 936 756 Panna.
958 708 1106 756 185—139.
1448 689 1495 742 lll

376 908 435 970 per
458 889 591 954 athera.
608 926 653 932 —
676 889 874 970 intactaque
898 875 967 950 tuis
986 885 1149 970 precibus
1172 905 1208 950 se
1228 885 1378 970 maluit
1403 907 1498 964 aare,

375 1005 416 1068 cf.
441 1003 522 1068 Hor.
549 1002 617 1070 Sat.
642 1005 667 1070 Ι.
696 1007 722 1081 1,
749 1005 901 1067 al-aa:
940 1023 1066 1085 «neque
1099 1023 1134 1065 se
1166 1004 1236 1066 fore
1254 1004 1394 1084 posthac
1417 1003 1498 1067 Tam

377 1120 510 1183 facilem
543 1120 631 1184 dicat
659 1123 714 1200 (sc.
749 1120 918 1201 Iuppiter),
943 1119 1031 1182 vetis
1054 1120 1092 1180 ut
1114 1118 1260 1200 praebeat
1284 1140 1429 1186 aurem»,
1455 1158 1499 1165 —

379 1233 514 1319 adunit,
545 1239 583 1298 ut
616 1235 663 1298 dii
696 1235 806 1298 solent
837 1253 950 1316 preces
976 1233 1207 1310 exaudientes;
1240 1237 1280 1299 cf.
1305 1235 1373 1300 Tib.
1400 1236 1441 1300 Π.
1468 1238 1498 1311 2,

380 1353 499 1416 8-10.
526 1352 564 1416 de
591 1351 716 1417 Genio:
746 1350 896 1414 «Adnuat
920 1355 962 1424 et,
987 1348 1144 1427 Cornuto,
1168 1350 1240 1425 tibi,
1270 1350 1499 1433 quodcumque

382 1468 533 1549 rogabis:
569 1467 622 1531 En
657 1487 717 1548 age
751 1466 831 1548 quid
863 1470 998 1530 cessas?
1034 1466 1161 1530 Adnuit
1195 1467 1271 1530 ille:
1307 1488 1420 1549 roga»,
1456 1506 1500 1512 -

378 1579 519 1648 accisus
554 1583 638 1666 uris,
670 1583 858 1665 impositus,
887 1580 1189 1662 utPrcp.Il.·13‚
1215 1583 1276 1645 33:
1314 1583 1373 1644 «Et
1398 1584 1442 1646 sit
1464 1585 1500 1646 in

380 1698 497 1778 exiguo
520 1678 635 1762 laurus
660 1719 759 1781 super
782 1697 894 1762 addita
916 1698 1046 1762 busto».
1077 1735 1122 1743 —
1154 1696 1282 1764 Laete'or
1312 1699 1421 1764 eluxit
1438 1751 1445 1763 .
1465 1751 1497 1762 ..

378 1812 481 1898 spuis,
503 1811 640 1877 flamma
662 1814 699 1876 in
723 1834 781 1876 ara
805 1812 979 1896 splendide
1002 1814 1118 1876 lucens
1141 1813 1267 1876 bonum
1292 1834 1391 1877 omen
1411 1820 1499 1891 erat3

379 1929 419 1992 cf.
444 1927 540 2010 Verg.
567 1927 624 1993 Ge.
650 1928 703 1993 IV.
731 1929 923 1993 ssa-385:
963 1928 1043 1990 «Ter
1074 1928 1201 2009 liquido
1233 1928 1404 1992 ardentem
1427 1951 1499 2012 per·

379 2043 468 2106 fudit
490 2047 623 2107 nectare
647 2044 782 2107 Vestam
799 2045 830 2122 (i
849 2063 876 2106 e.
894 2043 1027 2120 focum),
1046 2042 1108 2105 Ter
1123 2041 1259 2106 flamma
1275 2043 1316 2106 ad
1332 2064 1501 2107 summum

379 2159 461 2221 tecti
484 2158 633 2222 subiecta
656 2159 793 2222 reluxit»
806 2181 814 2235 ;
839 2157 934 2239 Prop.
960 2155 1019 2220 HL
1048 2157 1097 2232 10,
1126 2159 1275 2222 19—20:
1315 2158 1413 2221 «Inde
1448 2179 1500 2222 co·

381 2277 517 2336 renatas
549 2274 607 2338 ubi
640 2279 713 2338 ture
745 2274 888 2356 piaveris
924 2291 1008 2347 aras
1043 2271 1178 2335 Luserit
1208 2278 1241 2336 ct
1272 2278 1344 2337 tcta
1367 2272 1502 2338 flamma

382 2387 528 2452 secunda
550 2389 690 2467 d0m0»;
716 2387 773 2453 Ov.
798 2389 894 2452 Pont.
918 2388 973 2452 IV.
1006 2391 1036 2466 9,
1071 2388 1131 2453 53:
1171 2386 1309 2470 «Surget
1341 2388 1384 2451 ad
1415 2389 1501 2451 hane
1568 2419 1571 2426 ·

381 2525 497 2569 vocem
528 2505 629 2587 plena
660 2497 847 2588 piusignis
871 2506 911 2570 ab
936 2527 994 2570 ara
1016 2505 1145 2588 Datque
1169 2505 1295 2568 bonum
1318 2507 1395 2568 voto
1419 2505 1501 2568 luci·

380 2619 444 2683 dus
478 2640 576 2684 omen
608 2641 721 2704 apex».
755 2659 800 2666 -
831 2623 978 2687 structos·
1011 2638 1115 2704 super·
1131 2671 1137 2683 .
1156 2671 1163 2684 .
1183 2672 1189 2684 .
1209 2637 1359 2701 cccrum,
1385 2619 1421 2680 in
1446 2637 1502 2680 ara

382 2735 538 2816 prosiciis
570 2742 603 2799 et
635 2741 708 2800 ture
741 2737 918 2800 cumulata.
953 2734 1002 2800 cf.
1035 2735 1116 2799 Hor.
1151 2733 1218 2798 Sat.
1243 2735 1268 2798 L
1297 2736 1324 2809 1,
1351 2731 1501 2796 ‘sc-35:

384 2869 520 2915 <racemo
545 2853 651 2932 Quem
675 2855 804 2917 struite.
932 2889 935 2902 ·

426 2965 464 3032 V.
494 2969 675 3034 135-139.
702 2967 858 3034 hortante
880 2965 954 3050 deo,
985 2969 1042 3050 qui
1071 2966 1235 3031 Messalla
1268 2966 1357 3028 bona
1388 2963 1502 3028 omina

381 3083 482 3148 dedit.
518 3121 563 3128 —
596 3084 734 3168 mappis
767 3084 926 3148 insistere
957 3082 1059 3148 rebus
1090 3081 1216 3166 lucipe,
1247 3081 1378 3145 videtur
1404 3082 1502 3162 poeta

381 3197 530 3262 alludere
554 3198 597 3262 ad
618 3198 744 3263 bellum
760 3219 835 3263 cum
853 3199 1001 3262 Antonio
1017 3198 1210 3280 gerendum,
1226 3196 1315 3279 quod
1329 3195 1395 3258 isto
1412 3214 1502 3258 anno

385 3315 450 3380 (31.
476 3334 504 3380 a
531 3315 607 3380 chr.
632 3317 678 3396 n.)
700 3315 848 3380 instabat
871 3315 913 3380 ad
936 3335 1075 3397 magnas
1099 3333 1152 3377 res
1176 3312 1337 3396 gerendas
1357 3310 1501 3373 occasio-

382 3451 463 3494 nem
494 3431 659 3496 Messallae
693 3431 856 3495 daturum.
890 3467 935 3474 -—
966 3430 1077 3495 culleo
1095 3481 1101 3492 .
1121 3480 1127 3492 .
1146 3480 1153 3492 .
1172 3426 1292 3511 Marte,
1314 3426 1502 3490 comminus

382 3546 580 3627 pugnanda;
606 3549 645 3611 cf.
671 3546 740 3611 Tib.
764 3547 789 3611 I.
818 3548 845 3623 1,
872 3549 910 3610 3:
947 3543 1071 3623 «Quem
1093 3545 1188 3608 labor
1210 3542 1368 3607 adsiduus
1391 3543 1501 3606 vicino

382 3665 506 3726 terreat
529 3637 656 3726 hoste».
682 3700 726 3706 —-
749 3662 871 3728 obvia.
891 3713 897 3725 .
917 3712 923 3725 .
948 3658 1077 3743 Gallia,
1093 3660 1238 3724 adversa
1257 3657 1372 3723 Gallos
1388 3679 1503 3722 revera

382 3779 506 3843 devicit
538 3783 656 3860 postea
686 3778 844 3843 Messalla
875 3779 965 3842 bello
996 3777 1196 3860 Aquitanico
1230 3780 1264 3839 et
1294 3776 1503 3858 triumphum

384 3895 452 3976 egit
476 3915 504 3958 a.
530 3894 582 3958 27.
608 3915 637 3957 a.
662 3893 737 3959 Chr.
762 3915 794 3958 n
819 3931 864 3938 —
887 3891 1009 3958 uadum
1036 3891 1223 3976 Hispania,
1245 3891 1412 3964 bellicosa,
1437 3890 1501 3952 Ro·

372 4010 494 4082 manis
527 4009 595 4072 iam
623 4008 701 4072 inde
735 4028 754 4070 a
786 4009 873 4071 bello
905 4007 1111 4072 Numantino
1136 4006 1267 4071 abunde
1291 4008 1433 4089 cognita
1459 4043 1503 4050 -

384 4121 455 4189 Nec
486 4124 562 4210 seru
594 4128 666 4201 etc,
694 4144 768 4186 eum
794 4121 930 4206 Cyrene,
955 4123 1124 4205 Aegyptus
1149 4127 1182 4185 et
1205 4125 1295 4185 totus
1319 4119 1439 4184 Oriens
1463 4139 1502 4183 eo

383 4244 534 4322 tempore
561 4241 708 4304 Antonio
741 4244 882 4322 pareret,
916 4259 986 4303 non
1019 4240 1092 4302 sine
1115 4258 1215 4302 causa
1238 4237 1428 4318 auspicatus
1453 4240 1503 4300 est

383 4360 483 4440 poeta
509 4357 665 4420 victorias
697 4357 860 4420 Messalla
883 4376 952 4420 una
976 4376 1051 4419 cum
1075 4353 1256 4418 Octaviano
1280 4354 1317 4416 in
1340 4353 1382 4414 iis
1405 4351 1503 4414 terris

385 4474 611 4555 reportandas.
637 4511 680 4516 —-
709 4470 845 4538 Thermo
870 4471 971 4536 lellus
996 4470 1138 4536 obsessa
1161 4469 1293 4550 colerae,
1316 4467 1443 4551 Cyrene
1466 4471 1501 4531 in
