3834 5492
409 636 458 688 106
812 658 853 701 an
871 659 986 703 Pruna.
1005 655 1125 703 ss-sa.

408 855 470 916 que
495 835 547 897 sui
571 819 619 897 sio
642 835 800 898 statuisse
822 833 992 898 modum».
1019 873 1062 879 —
1093 831 1253 900 Pbaeooio
1276 833 1386 912 tellau,
1412 834 1527 899 eadem

407 950 507 1014 verba
529 951 565 1014 in
588 947 653 1012 fine
685 949 867 1013 hexametri
900 948 957 1014 Ov.
991 950 1062 1013 Am.
1096 950 1155 1014 111.
1189 952 1219 1026 9,
1252 951 1306 1014 47.
1343 985 1383 1036 -‚
1417 947 1544 1034 Atque*

409 1063 480 1130 hoeo
503 1084 564 1130 seu
588 1068 658 1140 sta,
685 1064 882 1130 dubitabant
917 1066 1055 1148 antiqui,
1080 1071 1193 1129 utrum
1216 1066 1328 1130 Ulixes
1351 1066 1388 1128 in
1410 1070 1528 1129 nostro

408 1181 486 1245 orbe
510 1201 553 1245 an
578 1186 668 1245 extra
692 1182 820 1244 eumin
837 1180 969 1246 Ooeano
985 1180 1152 1248 Atlantico
1170 1182 1335 1246 erraverit.
1350 1179 1397 1245 Cf.
1412 1179 1526 1245 Senes.

407 1298 513 1379 Epist.
550 1299 610 1361 83:
653 1296 797 1375 «Quaeris
832 1297 945 1362 Ulixes
981 1297 1038 1360 ubi
1073 1298 1253 1360 erraverit.
1271 1346 1280 1361 .
1298 1346 1306 1360 .
1323 1297 1398 1361 Non
1432 1303 1538 1362 uacat⁴

408 1411 522 1475 audire
545 1416 658 1475 utrum
682 1413 770 1475 inter
794 1410 942 1475 Siciliam
959 1415 993 1474 et
1006 1411 1141 1475 Italiam
1156 1413 1297 1476 iactatus
1314 1413 1358 1475 sit
1374 1433 1418 1475 an
1434 1416 1541 1475 extra-

407 1533 526 1592 notum
548 1529 646 1592 nobis
671 1528 827 1601 orbem»;
852 1525 938 1591 Gall.
962 1527 1055 1591 Noet.
1078 1527 1144 1592 Att.
1170 1527 1256 1592 XIV.
1281 1529 1310 1603 6,
1337 1529 1375 1591 3;
1404 1527 1538 1609 «Atque

407 1643 492 1706 illud
520 1645 621 1707 etiam
654 1643 815 1724 scriptum
845 1644 909 1706 fuit
925 1692 932 1706 .
951 1692 958 1706 .
977 1692 985 1706 .
1002 1647 1116 1706 utrum
1149 1641 1180 1706 ἐν
1213 1653 1249 1727 r‘q
1282 1641 1344 1706 ἔσω
1375 1644 1528 1726 θαλάσσῃ

408 1760 520 1825 Ulixes
544 1759 702 1823 erraverit
726 1757 793 1823 κατ’
821 1756 1037 1845 Ἀρίσταρχον,
1069 1779 1113 1822 an
1138 1757 1170 1824 ἐν
1192 1770 1228 1845 τῇ
1253 1759 1311 1832 ἔξω
1335 1763 1416 1825 κατὰ
1439 1757 1526 1844 Κρά-

406 1896 513 1961 τητα».
531 1909 575 1917 —-
598 1876 735 1938 nostros
759 1872 871 1938 iuter.
891 1925 897 1938 .
919 1925 925 1938 .
944 1877 1064 1947 terras,
1089 1874 1179 1936 inter
1201 1880 1306 1938 terras
1329 1875 1427 1938 nobis
1451 1895 1525 1956 oeg-

407 1990 497 2053 nitas
528 1989 565 2052 in
598 1988 708 2053 Medio
732 1988 826 2052 mari.
852 2026 895 2032 w
919 1989 1001 2053 suut
1022 1989 1169 2072 coquito,
1194 1989 1266 2052 visa
1289 1988 1330 2052 ab
1354 1989 1458 2054 Ulixe.
1482 2027 1527 2034 -

407 2123 615 2170 uorum...
636 2104 762 2183 orbem,
797 2104 895 2167 nobis
927 2105 1089 2184 ignotum.
1126 2139 1169 2147 —
1202 2101 1256 2169 su
1288 2104 1387 2169 labor
1419 2106 1528 2184 illiua

407 2221 640 2284 coniunctivus
664 2221 883 2284 concessivus.

451 2336 488 2402 V.
515 2338 656 2401 sit—87.
685 2335 759 2401 lum
782 2338 821 2414 to,
845 2337 1027 2399 transitum
1054 2342 1160 2416 parat,
1193 2342 1231 2399 ut
1262 2337 1352 2399 infra
1382 2357 1430 2401 vs.
1464 2339 1527 2402 98:

411 2451 501 2514 «Iam
535 2451 637 2514 simul
661 2450 795 2514 audacis
818 2452 956 2514 veniant
979 2452 1163 2515 eertamina
1186 2451 1335 2514 Martis».
1360 2489 1404 2495 —
1428 2455 1527 2527 louet,

408 2567 514 2633 uallet
548 2603 591 2611 —
625 2571 757 2654 tutona.
778 2619 784 2630 .
803 2618 810 2630 .
828 2567 973 2652 fossum,
1005 2587 1076 2649 quae
1111 2573 1220 2632 eastra
1252 2571 1326 2631 tuta
1359 2568 1448 2631 fauit.
1477 2575 1528 2612 ’-

409 2701 534 2765 oet‘uos‘,
557 2683 638 2746 valli
662 2684 791 2759 furcati,
822 2684 870 2746 ita
895 2684 1054 2765 appellati
1077 2704 1097 2746 a
1121 2682 1341 2747 similitudine
1365 2703 1528 2746 cornuum

408 2801 636 2876 corvinorum3
662 2801 702 2862 of.
728 2797 785 2864 Sil.
810 2800 884 2864 Ital.
909 2800 948 2864 X.
974 2801 1057 2864 413:
1099 2799 1252 2881 «Quaque
1276 2803 1368 2880 patet
1391 2816 1539 2880 campus-

409 2915 519 2997 planis
554 2915 759 2996 ingressibus
791 2917 908 2993 hostis,
943 2914 1124 2980 Cervorum
1156 2915 1319 2978 ambustis
1351 2914 1529 2976 imitantur

409 3051 533 3095 oornua
556 3033 689 3096 ramis».
715 3069 758 3078 --
786 3032 933 3112 Quemne
958 3033 1080 3115 locutu,
1104 3033 1211 3114 qualis
1233 3033 1327 3094 locus
1351 3031 1395 3094 sit
1411 3029 1530 3092 castris

410 3147 593 3227 eligendus.
627 3186 671 3192 —
701 3147 816 3214 dulces
834 3201 840 3212 .
861 3201 866 3212 .
887 3201 892 3212 .
913 3149 1075 3232 liquores,
1099 3168 1219 3229 aquam
1241 3147 1374 3221 bonam,
1399 3165 1443 3208 ne
1465 3145 1528 3208 mi-

409 3263 486 3326 lites
511 3264 568 3326 siti
592 3269 820 3347 torqueantur.
838 3301 881 3310 -
904 3267 1072 3347 erumpat,
1094 3283 1195 3326 sensu
1209 3262 1406 3325 transitivo:
1423 3259 1535 3324 effun·

410 3377 486 3452 dat;
511 3379 550 3442 cf.
576 3377 640 3442 Cio.
667 3378 709 3441 ad
731 3379 797 3442 Att.
816 3377 899 3442 XVI.
920 3381 957 3442 3:
988 3378 1053 3440 «Ne
1068 3377 1105 3440 in
1121 3397 1174 3440 me
1190 3377 1400 3457 stomaohum
1420 3396 1528 3438 erum-

409 3500 501 3577 pant,
527 3516 602 3559 eum
626 3495 687 3558 tibi
712 3495 779 3557 sint
802 3495 910 3558 irati».

453 3611 490 3674 V.
517 3613 657 3675 88-92.
683 3608 815 3676 Laudis
840 3613 871 3675 et
894 3607 1041 3674 adsiduo
1065 3608 1178 3694 oiqeot
1204 3607 1389 3674 oertouu'ue
1417 3605 1529 3686 mileo,

410 3735 447 3792 ut
462 3729 554 3791 locus
571 3727 711 3791 idoneus
729 3729 772 3790 sit
789 3735 830 3790 ad
846 3727 1099 3790 exercitationes
1114 3725 1270 3788 militum.
1289 3759 1331 3767 —
1351 3721 1528 3788 turdumve

410 3842 539 3920 sudem,
553 3864 705 3924 gravam;
730 3843 839 3924 agitur
854 3843 894 3905 de
910 3841 1095 3905 missilibus
1112 3839 1153 3903 ad
1168 3840 1282 3922 palum
1297 3839 1469 3903 iaciendis.
1484 3870 1529 3883 —

412 3959 500 4024 leuto
518 4008 526 4022 .
544 4009 551 4022 .
570 4007 577 4022 .
593 3958 676 4042 pilo,
708 3957 818 4022 flexili.
844 3958 929 4021 Nam
952 3977 1030 4038 pars
1055 3958 1159 4019 ferrea
1181 3955 1243 4037 pili
1265 3956 1314 4018 ita
1337 3958 1408 4017 erat
1431 3954 1528 4028 faeta,

410 4076 506 4140 utin
531 4080 624 4147 scuto
648 4075 756 4137 hostis
779 4073 843 4137 fixa
867 4094 901 4138 se
925 4072 1129 4146 inflecteret;
1158 4073 1204 4134 sio
1229 4072 1319 4135 enim
1342 4090 1412 4133 non
1435 4073 1528 4151 pote·

411 4197 463 4256 rat
487 4190 527 4255 ab
551 4191 647 4254 hoste
671 4191 808 4254 remitti.
833 4189 880 4254 Of.
905 4188 985 4254 Caes.
1010 4187 1048 4251 B.
1073 4186 1111 4251 G.
1128 4187 1153 4250 l.
1173 4189 1229 4252 25:
1260 4184 1384 4250 «Gallis
1406 4204 1529 4266 magno

411 4305 453 4370 ad
476 4325 623 4387 pugnam
647 4309 717 4368 erat
741 4304 994 4386 impedimento,
1017 4301 1105 4384 quod
1128 4301 1279 4383 pluribus
1296 4319 1410 4363 eorum
1427 4299 1529 4362 sontis

410 4442 478 4486 uno
511 4421 579 4498 iotu
606 4422 751 4504 pilorum
773 4419 940 4484 transfixis
965 4423 998 4482 et
1021 4419 1195 4499 colligatis,
1220 4437 1323 4498 quum
1347 4418 1471 4480 ferrum
1495 4434 1530 4478 se
