3834 5492
426 655 459 710 ¹2
788 675 998 723 ursmarus.
1017 675 1068 721 111.
1085 676 1126 719 nr
1143 675 1185 721 m.¹

516 850 569 917 Sit
591 851 676 916 mihi
700 855 880 934 paupertas
902 853 1014 914 tecum
1036 850 1191 925 ineunda,
1216 850 1349 916 Neara:

442 1010 445 1014 -
557 967 601 1035 At
624 967 697 1035 sine
720 971 754 1030 ts
777 986 893 1047 regum
916 966 1176 1031 muneranulla
1199 965 1283 1030 volo.

441 1110 469 1149 aa
517 1079 544 1145 0
567 1081 712 1156 niveam,
738 1100 810 1163 quae
833 1085 866 1145 te
889 1082 1014 1163 poterit
1036 1081 1122 1144 mihi
1145 1080 1290 1156 reddere,
1315 1082 1443 1146 lueem!

558 1196 586 1263 0
609 1198 693 1261 mihi
718 1198 849 1261 felicem
871 1201 987 1281 terque
1011 1200 1192 1281 quaterque
1216 1198 1323 1261 diem!

513 1313 556 1377 Aa
571 1313 617 1389 si,
643 1333 704 1395 pro
728 1314 817 1377 dulei
840 1313 949 1377 reditu
973 1321 1186 1396 quacumque
1210 1317 1396 1389 voventur.

535 1465 537 1468 ·
557 1428 683 1494 Audiat
707 1448 822 1495 aversa
844 1450 914 1495 non
936 1438 1033 1493 meus
1057 1449 1135 1494 aure
1160 1429 1250 1509 deus,

514 1542 581 1607 Nee
603 1564 657 1608 me
680 1565 784 1627 regna
805 1545 922 1609 iuvant
943 1564 1006 1609 nee
1028 1544 1154 1627 Lydius
1179 1546 1304 1610 aurifer
1324 1545 1432 1609 amnis

438 1688 469 1727 aa
559 1659 627 1725 Nee
646 1680 728 1743 quas
751 1664 915 1725 terrarum
938 1660 1082 1725 sustinet
1106 1661 1194 1726 orbis
1219 1681 1308 1743 opes.

513 1775 593 1841 Haeo
618 1777 677 1841 alii
700 1779 846 1861 cupiant,
870 1779 980 1858 liceat⁸
994 1778 1079 1856 mihi
1101 1799 1249 1862 paupere
1273 1780 1365 1843 cultu

559 1890 681 1966 Securo
705 1914 782 1959 eara
804 1894 947 1975 coniuge
969 1908 1070 1977 'posse
1094 1896 1167 1959 frui.

513 2010 612 2074 Adsis
636 2014 670 2075 et
691 2010 964 2089 timidisfaveas‚
989 2009 1154 2086 Saturnia,
1179 2011 1276 2085 votis,

558 2124 600 2189 Et
617 2126 737 2193 ‚faveas
760 2126 906 2201 coneha
922 2124 1051 2209 Cypria,
1075 2130 1170 2189 verta
1188 2128 1263 2188 tua

439 2269 467 2307 a
513 2240 580 2304 Aut
603 2240 724 2309 silata
746 2244 872 2325 negant
895 2240 1038 2305 reditum
1060 2240 1244 2323 arietesque.
1262 2260 1403 2318 sorores,
1437 2240 1439 2245 '

559 2354 711 2421 Stamina
734 2377 806 2439 quae
829 2358 956 2422 'ducunt
979 2378 1115 2441 quaeque
1139 2359 1252 2422 futura
1274 2361 1389 2434 neunt,

514 2469 569 2534 Me
592 2476 696 2537 voeet·
711 2474 748 2537 in
771 2477 883 2538 vastos
906 2493 1023 2539 amnes
1047 2475 1242 2557 nigramque
1265 2474 1422 2557 paludem

559 2586 648 2652 Ditis
671 2589 708 2654 in
731 2589 852 2671 ignava
873 2590 1003 2653 luridus
1028 2588 1132 2655 Oreus
1147 2610 1249 2672 aqua.

954 2892 1040 2958 NF

435 3114 437 3117 a
516 3054 559 3118 Di
583 3055 725 3119 meliora
749 3056 870 3130 ierant
892 3074 954 3119 nee
978 3054 1046 3118 sint
1069 3051 1309 3118 mihi‘somnia
1331 3073 1418 3126 vera,

532 3203 534 3208 v
561 3170 639 3251 Quae
660 3171 743 3235 tulit
758 3171 923 3235 'hesterna
945 3171 1092 3253 pessima
1116 3174 1212 3235 noete
1227 3170 1339 3253 quies,
1404 3222 1406 3225 .

514 3286 566 3351 Ite
588 3287 714 3369 procul,
738 3286 826 3363 vani,
852 3287 1039 3370 falsumque
1063 3287 1202 3351 avertite
1224 3286 1332 3357 visum
1345 3310 1362 3351 ι.

559 3403 712 3468 Desinite
736 3404 773 3469 in
795 3404 893 3468 nobis
917 3423 1062 3486 quaerere
1085 3402 1171 3467 velle
1194 3401 1302 3465 fidem
1378 3400 1380 3405 ’

454 3549 469 3587 s
514 3519 591 3584 Divi
615 3540 693 3585 vera
716 3524 864 3595 monent,
888 3524 1036 3583 venturae
1059 3518 1179 3581 nuntia
1203 3518 1326 3581 sortis.

435 3692 437 3698 ,
559 3634 652 3700 Vera.
668 3638 808 3699 monent
831 3634 947 3699 Tuscis
970 3638 1044 3698 exta
1067 3631 1205 3716 probata
1227 3632 1323 3699 viris:

516 3749 655 3816 Somnia
677 3751 786 3816 fallaci
809 3751 931 3815 ludunt
952 3749 1129 3815 temeraria
1166 3753 1264 3815 noete

560 3868 763 3953 Etvpavidas
785 3873 915 3933 mentes
939 3868 1024 3933 falsa
1046 3868 1164 3932 timere
1188 3868 1313 3931 iubent.

516 3984 559 4049 Et
581 3989 701 4050 natum
723 3986 760 4049 in
783 3985 879 4050 auras
902 3986 1079 4050 hominum
1101 4004 1207 4067 genus
1231 3984 1345 4048 omina
1367 3981 1458 4046 noeti

441 4131 468 4169 ιο
547 4100 739 4184 ¹Farre‘pio
762 4102 898 4183 placant
919 4105 954 4165 et
978 4101 1119 4165 saliente
1143 4099 1230 4163 sale!
1325 4128 1327 4135 ·

516 4217 558 4281 Et
581 4220 704 4294 tamen,
730 4221 909 4300 utcumque
934 4222 993 4292 est,
1020 4216 1089 4279 sive
1112 4214 1163 4278 illi
1187 4231 1264 4277 vera
1287 4213 1426 4287 moneri,

549 4332 714 4398 'Mendaei
738 4354 857 4399 somno
881 4334 1014 4399 eredere
1038 4332 1107 4397 sive
1131 4330 1250 4405 solent,
1298 4330 1301 4335 ’

515 4447 648 4514 Efficiat
670 4470 775 4515 vanos
798 4449 907 4515 noetis
930 4449 1059 4513 Imeina
1081 4449 1219 4512 timores
1247 4462 1258 4471 '¹
