3834 5492
748 709 842 756 IrYGD.
863 710 960 753 ELEG.
974 709 1020 757 lv.
1040 709 1080 753 m
1098 710 1127 753 V.

517 885 597 953 Haeo
620 886 671 951 illi
689 891 819 951 nostro.
833 887 971 952 nomine
995 885 1083 951 dicta
1106 888 1212 951 refer:

472 1000 548 1066 Hoc
568 1000 632 1066 tibi
653 1001 845 1083 coniugium
867 1001 1035 1084 promittit
1058 1000 1175 1065 Delius
1199 1002 1290 1083 ipse:
1337 1010 1338 1013 ’

397 1146 429 1187 ao
517 1116 611 1181 Felix
633 1117 697 1183 hoc
721 1118 824 1181 alium
848 1116 962 1181 desine
986 1118 1071 1182 velle
1094 1119 1232 1182 virum.»
1277 1144 1279 1147 ·

472 1232 572 1309 Dixit
598 1236 631 1297 et
654 1234 793 1314 ignavus
817 1232 954 1297 defluxit
976 1253 1111 1316 corpore
1136 1252 1284 1297 somnus,

519 1343 630 1430 A'ego
654 1368 697 1411 ne
720 1349 847 1431 possim
870 1352 966 1413 tanta
989 1347 1099 1415 videre
1123 1349 1229 1417 mala!
1333 1408 1336 1413 Α

474 1463 542 1530 Neo
565 1462 627 1528 tibi
649 1464 845 1529 crediderim
868 1466 955 1529 votis
979 1465 1146 1529 contraria
1169 1469 1247 1528 vota

519 1578 587 1643 Neo
607 1582 740 1644 tantum
764 1581 890 1644 crimen
913 1584 1046 1663 pectore
1070 1581 1180 1647 inesse
1204 1583 1280 1644 tuo:

400 1723 431 1764 aa
476 1694 562 1761 Nam
584 1699 618 1757 te
641 1714 703 1758 nec
726 1696 812 1758 vasti
835 1700 1024 1776 genuerunt
1047 1715 1181 1777 aequora
1203 1696 1299 1777 ponti
1353 1756 1355 1759 .

520 1809 588 1874 Nec
610 1808 783 1875 flammam
805 1812 944 1875 volvens
969 1831 1025 1875 ore
1049 1808 1214 1875 Chimaera
1238 1812 1308 1876 iero

476 1925 544 1991 Nec
567 1926 660 1991 oanis
683 1928 851 2008 anguinea
875 1926 1050 1992 redimitus
1073 1930 1167 2008 terga
1189 1932 1329 2005 caterva,

522 2040 583 2107 cui
599 2045 673 2107 tres
697 2047 776 2106 sunt
797 2044 921 2125 linguas
943 2044 1232 2127 tergeminumque
1256 2049 1365 2127 caput,
1402 2108 1405 2112 .

477 2155 652 2241 Scyllaque
674 2160 861 2241 virgineam
884 2160 1023 2224 canibus
1047 2161 1215 2225 succincta
1237 2159 1386 2241 figuram,

402 2303 433 2343 co
522 2274 590 2339 Nec
612 2279 645 2339 te
669 2280 865 2358 conceptam
889 2296 976 2340 saeve
998 2277 1106 2339 leaena
1127 2277 1213 2353 tulit,
1399 2338 1405 2343 ,

476 2389 623 2457 Barbara
645 2411 707 2455 neo
731 2389 873 2473 Scythiae
897 2393 998 2456 tellus
1021 2392 1228 2457 horrendave
1253 2390 1368 2476 Syrtis,

524 2505 588 2571 Sed
611 2509 700 2572 culta
723 2513 756 2572 et
779 2508 870 2573 duris
893 2530 964 2574 non
988 2509 1170 2574 habitanda
1189 2510 1308 2574 domus
1341 2575 1344 2579 ,

464 2620 523 2686 'Et
545 2622 645 2705 longe
669 2627 746 2687 ante
772 2624 855 2688 alias
880 2644 998 2688 omnes
1021 2626 1202 2689 mitissima
1224 2629 1331 2693 mater
1359 2690 1361 2693 .

523 2738 622 2821 Isque
645 2744 749 2822 pater,
774 2761 839 2823 quo
863 2761 933 2806 non
957 2742 1042 2805 alter
1065 2742 1248 2806 amabilior.

405 2850 560 2939 ossHaec
583 2855 664 2919 deus
688 2856 724 2919 in
747 2856 869 2920 melius
891 2856 1040 2921 crudelia
1064 2859 1194 2922 somnia
1218 2862 1323 2929 vertat

523 2971 567 3036 Et
588 2972 700 3039 iubeat
723 2974 854 3055 tepidos
876 2974 971 3042 irrita
995 2976 1080 3039 ferre
1104 2980 1211 3039 notos.

863 3274 967 3341 'V.

436 3422 443 3430 ’
480 3432 548 3500 Vos
570 3438 671 3512 tenet,
695 3434 844 3500 Etruscis
867 3442 982 3500 manat
1006 3456 1078 3519 quae
1104 3438 1251 3503 fontibus
1275 3439 1375 3514 unda,

479 3562 485 3576 ‘
529 3550 628 3617 Unda
650 3553 711 3617 sub
730 3552 887 3618 aestivum
911 3574 981 3618 non
1006 3553 1159 3618 adeunda
1182 3554 1318 3635 Canem,
1358 3623 1360 3625 .

485 3665 580 3730 Nunc
603 3670 715 3731 autem
739 3668 841 3733 sacris
863 3668 1024 3733 Baiarum
1046 3671 1198 3752 proxima
1220 3672 1377 3754 lymphis,

528 3780 612 3847 (lum
636 3803 670 3846 se
693 3804 859 3866 purpureo
883 3805 960 3850 vere
984 3786 1124 3849 remittit
1147 3787 1278 3851 humus.

422 3924 437 3963 s
482 3895 526 3960 At
547 3897 632 3961 mihi
654 3897 867 3981 Persephone
891 3899 1023 3981 nigram
1048 3899 1223 3965 denuntiat
1246 3902 1381 3967 horam:

528 4012 700 4077 Immerito
722 4014 837 4079 iuveni
859 4034 958 4097 parce
983 4036 1112 4093 nocere,
1138 4014 1207 4081 dea

483 4125 558 4191 Non
582 4148 642 4210 ego
666 4130 827 4211 temptavi
851 4130 938 4194 nulli
961 4132 1155 4195 temeranda
1177 4134 1324 4198 virorum

528 4242 644 4308 Audax
666 4244 841 4309 laudandae
865 4266 960 4310 sacra
983 4247 1099 4311 dooere
1123 4247 1201 4325 deae,

484 4354 551 4419 Nec
572 4378 650 4421 mea
672 4361 854 4425 mortiferis
876 4362 995 4426 infecit
1017 4364 1138 4446 pocula
1161 4366 1249 4428 sucis

409 4497 439 4537 ro
528 4470 672 4537 Dextera
694 4495 756 4538 neo
779 4477 935 4559 cuiquam
959 4477 1040 4542 trita
1063 4499 1192 4543 venena
1216 4478 1316 4555 dedit,
