3834 5492
799 715 841 758 so
859 714 972 759 Pauus.
994 711 1110 759 18—23.
1486 696 1521 750 97

397 891 538 956 minimo
562 892 647 956 turis
671 893 798 956 honore
816 892 915 956 deus»
944 894 978 954 et
1001 890 1079 955 silv.
1094 890 1176 955 Stat
1190 892 1215 955 I.
1230 894 1260 969 4,
1279 894 1462 958 1a7-131.
1476 932 1521 938 -

393 1007 558 1091 placavit,
591 1007 733 1071 aoristos
766 1007 950 1088 gnomicns.
984 1042 1030 1050 —
1060 1005 1223 1072 inaurato
1240 1058 1247 1070 .
1267 1053 1276 1068 .
1294 1055 1302 1070 .
1319 1010 1442 1073 taurus
1459 1059 1467 1073 .
1484 1039 1491 1073 .
1511 1060 1518 1072 .

397 1141 513 1200 coortu,
539 1128 577 1186 ut
599 1123 667 1185 iarn
691 1122 780 1204 apud
802 1122 901 1186 Hom.
926 1121 965 1192 11.
994 1122 1033 1186 X
1060 1123 1134 1186 292
1161 1125 1194 1185 et
1217 1121 1334 1205 Odyss.
1358 1123 1417 1188 m
1444 1125 1518 1190 384.

396 1239 549 1320 legimus.
575 1276 619 1282 —
644 1237 752 1319 tabor,
777 1238 817 1301 de
837 1258 937 1320 opere
960 1239 1101 1320 poetico,
1127 1243 1165 1301 ut
1188 1237 1283 1320 Verg.
1308 1239 1376 1302 Ecl.
1406 1242 1455 1316 10,
1483 1242 1521 1304 1:

402 1353 613 1432 «Estremum
645 1354 744 1430 hune,
778 1352 952 1428 Arethusa,
985 1353 1072 1415 mihi
1100 1353 1245 1416 concede
1269 1353 1451 1420 laborem»,
1476 1393 1521 1400 -

397 1488 537 1547 memor,
562 1489 606 1531 se.
629 1489 760 1532 mernor
783 1469 1023 1532 benevolentia
1051 1469 1125 1544 tuae,
1146 1471 1241 1550 grato
1265 1469 1388 1534 animo.

442 1586 479 1651 V.
509 1587 648 1650 1843.
673 1583 770 1650 Alter
803 1583 892 1649 dicct
924 1602 1010 1668 opus
1042 1583 1163 1668 mopsi
1194 1584 1355 1651 mirabile
1386 1586 1521 1669 maadi,

400 1703 522 1766 scribat
545 1721 679 1765 carmen
710 1700 910 1764 didacticum
934 1701 975 1764 de
999 1721 1112 1764 rerum
1134 1704 1265 1778 natura,
1290 1706 1328 1766 ut
1351 1703 1433 1767 olim
1455 1703 1521 1769 Lu-

400 1818 530 1882 cretius.
556 1854 601 1861 —
624 1833 733 1901 opus.
756 1865 762 1878 .
781 1865 789 1878 .
808 1813 940 1896 mundi,
966 1820 1017 1880 est
1033 1817 1123 1879 enim
1138 1816 1284 1880 mundus
1302 1837 1341 1880 ex
1356 1820 1523 1884 sententia

400 1931 588 1997 Stoicorum
612 1952 696 2014 opus
720 1931 782 2009 dei,
809 1952 910 2014 quare
934 1931 1016 1997 deus
1047 1952 1068 1996 a
1099 1930 1220 1996 Stoicis
1253 1933 1438 2021 δημιουργὸς
1465 1946 1521 2022 της

398 2053 656 2134 κατᾳκοσμήσεος
680 2047 787 2128 (Diog.
813 2046 921 2111 Laert.
949 2049 977 2122 7,
1005 2050 1033 2123 1,
1062 2049 1147 2127 138.)
1178 2052 1212 2112 et
1235 2047 1275 2111 ab
1300 2047 1418 2115 Ovidio
1441 2051 1521 2116 Met.

399 2163 424 2227 I.
451 2164 514 2228 57:
553 2161 687 2226 «mundi
712 2161 907 2226 fabricatore
936 2166 970 2226 et
990 2161 1071 2227 ibid.
1094 2161 1120 2226 L
1146 2164 1207 2228 79:
1237 2163 1366 2246 «opifex
1387 2185 1518 2229 rerum»

371 2269 379 2300 ’
400 2283 545 2343 vocatur.
571 2276 619 2343 Of.
645 2277 746 2341 etiam
771 2275 829 2342 Ov.
854 2277 944 2342 Fast.
969 2277 1007 2341 V.
1036 2256 1183 2342 11-122
1213 2277 1310 2342 «Post
1333 2278 1522 2346 Chaos...

401 2394 436 2457 in
460 2413 564 2458 novas
589 2393 715 2475 species
740 2413 839 2456 omne
863 2393 1003 2456 recessit
1026 2413 1142 2476 opus».
1166 2430 1212 2436 —
1248 2393 1369 2472 Qualis
1391 2394 1430 2461 in
1451 2395 1521 2461 im·

401 2525 516 2574 menso
533 2505 699 2573 desederit
719 2526 797 2573 ecre
816 2507 927 2587 tellus,
946 2513 1036 2572 terra
1058 2509 1274 2588 (elementum
1297 2511 1464 2592 primum),
1485 2515 1525 2576 ut

401 2623 502 2688 etiam
527 2621 629 2688 Stoici
662 2623 790 2698 docent,
824 2629 961 2706 propter
991 2625 1190 2706 gravitatem
1222 2625 1372 2689 medium
1403 2627 1523 2690 mundi

400 2740 512 2803 locum
544 2741 595 2818 (cf.
622 2737 711 2805 Stob.
745 2739 814 2804 Ecl.
846 2741 873 2821 I,
905 2741 955 2818 19,
980 2743 1025 2820 4.)
1048 2742 1222 2823 occupavit
1245 2741 1338 2804 etin
1361 2761 1436 2805 aere
1460 2743 1522 2806 cir·

401 2857 553 2920 cumfuse
577 2857 629 2935 (cf.
653 2856 743 2918 infra
765 2876 812 2920 vs.
840 2858 922 2920 151:
961 2855 1063 2920 «Nam
1086 2857 1286 2920 circumfuso
1311 2858 1464 2922 consistit
1486 2859 1523 2922 in

402 2991 476 3035 aere
499 2972 635 3052 tellus»)
667 2970 825 3035 subsedit
850 2969 897 3035 Cf.
922 2971 1053 3036 Lucret
1077 2971 1116 3035 V.
1140 2973 1337 3036 tte—451:
1375 2973 1523 3056 «Quippe

402 3087 526 3151 etenim
558 3087 705 3169 primum
736 3087 837 3149 terrai
872 3105 1012 3168 corpora
1043 3106 1191 3170 quaque,
1224 3086 1403 3170 Propterea
1434 3089 1524 3171 quod

403 3206 498 3266 erant
529 3203 642 3284 gravia
675 3205 708 3265 et
739 3201 904 3284 perplexa,
938 3202 1073 3266 coibant
1104 3202 1146 3266 In
1175 3202 1287 3266 medio
1315 3206 1414 3286 atque
1437 3203 1523 3268 imas

401 3318 577 3402 capiebant
610 3318 724 3381 omnia
759 3316 891 3394 sedeso;
927 3315 984 3381 Ov.
1018 3317 1098 3382 Met.
1123 3317 1148 3382 L
1174 3319 1328 3384 29—30:
1360 3318 1551 3384 «Densior·

403 3436 456 3500 bis
479 3436 534 3514 (sc.
567 3454 642 3498 aere
666 3435 699 3496 et
722 3433 856 3512 aethere)
884 3432 985 3496 tellus
1009 3433 1239 3515 elementaque
1262 3433 1403 3515 grandia
1423 3435 1524 3503 traxit

402 3550 445 3613 Et
477 3568 593 3632 pressa
623 3549 674 3610 est
706 3546 868 3630 gravitate
902 3567 980 3610 suar
1017 3549 1051 3610 et
1081 3546 1171 3612 Fast
1196 3547 1234 3612 V.
1262 3549 1320 3613 13:
1354 3547 1522 3612 «Pondere

402 3670 491 3730 terra
525 3685 585 3729 suo
617 3661 797 3728 subsedit».
832 3699 877 3707 —
913 3663 951 3727 io
983 3681 1127 3728 curvum
1153 3665 1285 3748 pontus
1318 3663 1524 3749 confirmarit

403 3780 529 3858 orbem,
554 3779 705 3844 Oceanus
728 3779 761 3857 (i.
781 3799 813 3842 e.
840 3799 934 3860 aqua,
960 3779 1164 3844 elementum
1188 3779 1382 3859 secundum)
1409 3779 1522 3844 orbem

401 3903 567 3964 terrarum
598 3895 833 3962 circumfluens
857 3895 970 3960 orbem
995 3894 1096 3958 efficit
1120 3898 1153 3958 et
1175 3895 1264 3977 ipse;
1293 3896 1333 3958 cf.
1359 3892 1417 3959 Ov.
1442 3893 1520 3958 Met

402 4015 427 4080 L
454 4015 604 4078 30—31:
635 4008 866 4074 «circumfluus
890 4029 987 4073 umor
1005 4009 1133 4073 Ultima
1147 4008 1297 4092 possedit
1312 4008 1522 4091 solidumque

404 4129 548 4194 coercuit
572 4127 704 4191 orbem»
732 4129 766 4188 et
787 4125 903 4188 incert.
928 4127 1014 4188 auct
1038 4124 1134 4187 Aetn.
1152 4125 1302 4188 94—95:
1341 4122 1522 4202 «Quacum-

404 4265 466 4327 que
497 4243 682 4306 immensus
714 4244 809 4304 terrae
844 4259 878 4302 se
908 4240 1049 4321 porrigit
1073 4238 1162 4303 orbis
1184 4238 1396 4321 Extremique
1418 4238 1523 4303 maris

403 4358 512 4422 curvis
536 4356 718 4438 incingitur
740 4353 872 4417 undis».
896 4391 941 4398 --
959 4356 1100 4439 postue,
1124 4352 1285 4430 Oceanus,
1310 4356 1348 4415 ut
1371 4352 1460 4417 infra
1473 4373 1520 4418 vs.

407 4474 487 4538 147:
517 4469 686 4534 «Oceanus
709 4472 814 4552 ponto
839 4489 904 4550 qua
927 4471 1077 4534 continet
1100 4470 1247 4534 orbem».
1271 4505 1316 4513 —
1345 4464 1386 4532 Ut
1402 4487 1522 4555 oeque,

457 4613 574 4665 Nemetae
581 4626 590 4655 :
604 4615 721 4666 Lyqdomt
731 4614 854 4656 comino.
1400 4591 1415 4642 7
