<?xml version="1.0" encoding="UTF-8"?>
<!DOCTYPE html PUBLIC "-//W3C//DTD XHTML 1.0 Transitional//EN"
    "http://www.w3.org/TR/xhtml1/DTD/xhtml1-transitional.dtd">
<html xmlns="http://www.w3.org/1999/xhtml" xml:lang="en" lang="en">
 <head>
  <title>
</title>
<meta http-equiv="Content-Type" content="text/html;charset=utf-8" />
  <meta name='ocr-system' content='tesseract 3.04.00' />
  <meta name='ocr-capabilities' content='ocr_page ocr_carea ocr_par ocr_line ocrx_word'/>
</head>
<body>
  <div class='ocr_page' id='page_1' title='image "./lygdamicarminaa00lygdgoog/lygdamicarminaa00lygdgoog_0024.png"; bbox 0 0 3834 5492; ppageno 0'>
   <div class='ocr_carea' id='block_1_1' title="bbox 433 699 467 751">
    <p class='ocr_par' dir='ltr' id='par_1_1' title="bbox 433 699 467 751">
     <span class='ocr_line' id='line_1_1' title="bbox 433 699 467 751; baseline 0.118 -7"><span class='ocrx_word' id='word_1_1' title='bbox 433 699 467 751; x_wconf 55' lang='grc'>11)</span> 
     </span>
    </p>
   </div>
   <div class='ocr_carea' id='block_1_2' title="bbox 875 721 1103 765">
    <p class='ocr_par' dir='ltr' id='par_1_2' title="bbox 875 721 1103 765">
     <span class='ocr_line' id='line_1_2' title="bbox 875 721 1103 765; baseline 0 -2"><span class='ocrx_word' id='word_1_2' title='bbox 875 721 1103 765; x_wconf 81' lang='lat' dir='ltr'><strong>PANEGYRICUS.</strong></span> 
     </span>
    </p>
   </div>
   <div class='ocr_carea' id='block_1_3' title="bbox 446 895 1552 979">
    <p class='ocr_par' dir='ltr' id='par_1_3' title="bbox 446 895 1552 979">
     <span class='ocr_line' id='line_1_3' title="bbox 446 895 1552 979; baseline -0.002 -16"><span class='ocrx_word' id='word_1_3' title='bbox 446 928 474 963; x_wconf 76' lang='lat' dir='ltr'>aa</span> <span class='ocrx_word' id='word_1_4' title='bbox 523 895 589 962; x_wconf 87' lang='lat' dir='ltr'>Seu</span> <span class='ocrx_word' id='word_1_5' title='bbox 605 898 666 960; x_wconf 88' lang='lat' dir='ltr'>tibi</span> <span class='ocrx_word' id='word_1_6' title='bbox 681 918 744 979; x_wconf 89' lang='lat' dir='ltr'>par</span> <span class='ocrx_word' id='word_1_7' title='bbox 760 902 917 979; x_wconf 88' lang='lat' dir='ltr'>poterunt</span> <span class='ocrx_word' id='word_1_8' title='bbox 935 934 979 942; x_wconf 91' lang='lat'>—</span> <span class='ocrx_word' id='word_1_9' title='bbox 999 898 1056 960; x_wconf 89' lang='lat' dir='ltr'>sed</span> <span class='ocrx_word' id='word_1_10' title='bbox 1073 897 1160 979; x_wconf 91' lang='lat' dir='ltr'>quod</span> <span class='ocrx_word' id='word_1_11' title='bbox 1178 918 1253 979; x_wconf 86' lang='lat' dir='ltr'>spes</span> <span class='ocrx_word' id='word_1_12' title='bbox 1271 897 1387 962; x_wconf 89' lang='lat' dir='ltr'>abnuit</span> <span class='ocrx_word' id='word_1_13' title='bbox 1402 899 1489 961; x_wconf 90' lang='lat' dir='ltr'>ultro</span> <span class='ocrx_word' id='word_1_14' title='bbox 1509 934 1552 943; x_wconf 88' lang='lat'>-</span> 
     </span>
    </p>
   </div>
   <div class='ocr_carea' id='block_1_4' title="bbox 521 1012 1551 1441">
    <p class='ocr_par' dir='ltr' id='par_1_4' title="bbox 521 1012 1551 1441">
     <span class='ocr_line' id='line_1_4' title="bbox 523 1012 1551 1095; baseline -0.004 -14"><span class='ocrx_word' id='word_1_15' title='bbox 523 1012 597 1081; x_wconf 80' lang='lat' dir='ltr'>Sive</span> <span class='ocrx_word' id='word_1_16' title='bbox 610 1013 722 1076; x_wconf 91' lang='lat' dir='ltr'>minus</span> <span class='ocrx_word' id='word_1_17' title='bbox 735 1048 777 1058; x_wconf 91' lang='lat'>—</span> <span class='ocrx_word' id='word_1_18' title='bbox 791 1017 943 1095; x_wconf 77' lang='lat' dir='ltr'>certeque</span> <span class='ocrx_word' id='word_1_19' title='bbox 960 1017 1083 1076; x_wconf 89' lang='lat' dir='ltr'>canent</span> <span class='ocrx_word' id='word_1_20' title='bbox 1095 1013 1208 1077; x_wconf 91' lang='lat' dir='ltr'>minue</span> <span class='ocrx_word' id='word_1_21' title='bbox 1223 1048 1267 1057; x_wconf 89' lang='lat'><em>-</em></span> <span class='ocrx_word' id='word_1_22' title='bbox 1284 1032 1381 1075; x_wconf 92' lang='lat' dir='ltr'>omne</span> <span class='ocrx_word' id='word_1_23' title='bbox 1394 1032 1551 1077; x_wconf 88' lang='lat' dir='ltr'>vovemus</span> 
     </span>
     <span class='ocr_line' id='line_1_5' title="bbox 521 1128 1444 1206; baseline -0.003 -14"><span class='ocrx_word' id='word_1_24' title='bbox 521 1130 595 1193; x_wconf 91' lang='lat' dir='ltr'>Hoc</span> <span class='ocrx_word' id='word_1_25' title='bbox 618 1129 688 1206; x_wconf 88' lang='lat' dir='ltr'>tibi,</span> <span class='ocrx_word' id='word_1_26' title='bbox 714 1148 775 1192; x_wconf 92' lang='lat' dir='ltr'>nec</span> <span class='ocrx_word' id='word_1_27' title='bbox 799 1131 893 1192; x_wconf 88' lang='lat' dir='ltr'>tanto</span> <span class='ocrx_word' id='word_1_28' title='bbox 917 1133 1027 1192; x_wconf 90' lang='lat' dir='ltr'>careat</span> <span class='ocrx_word' id='word_1_29' title='bbox 1050 1128 1134 1191; x_wconf 92' lang='lat' dir='ltr'>mihi</span> <span class='ocrx_word' id='word_1_30' title='bbox 1158 1128 1296 1190; x_wconf 92' lang='lat' dir='ltr'>nomine</span> <span class='ocrx_word' id='word_1_31' title='bbox 1321 1128 1444 1190; x_wconf 86' lang='lat' dir='ltr'>charta.</span> 
     </span>
     <span class='ocr_line' id='line_1_6' title="bbox 522 1240 1506 1325; baseline -0.002 -18"><span class='ocrx_word' id='word_1_32' title='bbox 522 1244 606 1307; x_wconf 92' lang='lat' dir='ltr'>Nam</span> <span class='ocrx_word' id='word_1_33' title='bbox 623 1262 824 1325; x_wconf 92' lang='lat' dir='ltr'>quamquam</span> <span class='ocrx_word' id='word_1_34' title='bbox 841 1244 986 1325; x_wconf 81' lang='lat' dir='ltr'>antiquae</span> <span class='ocrx_word' id='word_1_35' title='bbox 1004 1243 1112 1323; x_wconf 85' lang='lat' dir='ltr'>gentis</span> <span class='ocrx_word' id='word_1_36' title='bbox 1129 1246 1289 1323; x_wconf 88' lang='lat' dir='ltr'>superant</span> <span class='ocrx_word' id='word_1_37' title='bbox 1304 1241 1365 1304; x_wconf 90' lang='lat' dir='ltr'>tibi</span> <span class='ocrx_word' id='word_1_38' title='bbox 1381 1240 1506 1319; x_wconf 88' lang='lat' dir='ltr'>laudes,</span> 
     </span>
     <span class='ocr_line' id='line_1_7' title="bbox 523 1359 1373 1441; baseline -0.002 -18"><span class='ocrx_word' id='word_1_39' title='bbox 523 1360 598 1423; x_wconf 93' lang='lat' dir='ltr'>Non</span> <span class='ocrx_word' id='word_1_40' title='bbox 620 1364 679 1423; x_wconf 90' lang='lat' dir='ltr'>tua</span> <span class='ocrx_word' id='word_1_41' title='bbox 701 1360 867 1423; x_wconf 90' lang='lat' dir='ltr'>maiorum</span> <span class='ocrx_word' id='word_1_42' title='bbox 891 1362 1049 1423; x_wconf 89' lang='lat' dir='ltr'>contenta</span> <span class='ocrx_word' id='word_1_43' title='bbox 1074 1364 1124 1423; x_wconf 91' lang='lat' dir='ltr'>est</span> <span class='ocrx_word' id='word_1_44' title='bbox 1146 1359 1252 1441; x_wconf 83' lang='lat' dir='ltr'>gloria</span> <span class='ocrx_word' id='word_1_45' title='bbox 1276 1359 1373 1431; x_wconf 85' lang='lat' dir='ltr'>fama,</span> 
     </span>
    </p>
   </div>
   <div class='ocr_carea' id='block_1_5' title="bbox 448 1475 1496 1559">
    <p class='ocr_par' dir='ltr' id='par_1_5' title="bbox 448 1475 1496 1559">
     <span class='ocr_line' id='line_1_8' title="bbox 448 1475 1496 1559; baseline -0.004 -18"><span class='ocrx_word' id='word_1_46' title='bbox 448 1507 461 1541; x_wconf 78' lang='lat' dir='ltr'>a</span> <span class='ocrx_word' id='word_1_47' title='bbox 523 1476 590 1539; x_wconf 86' lang='lat' dir='ltr'>Nec</span> <span class='ocrx_word' id='word_1_48' title='bbox 613 1478 742 1558; x_wconf 89' lang='lat' dir='ltr'>quaeris,</span> <span class='ocrx_word' id='word_1_49' title='bbox 768 1476 847 1558; x_wconf 92' lang='lat' dir='ltr'>quid</span> <span class='ocrx_word' id='word_1_50' title='bbox 871 1498 999 1559; x_wconf 89' lang='lat' dir='ltr'>quaque</span> <span class='ocrx_word' id='word_1_51' title='bbox 1024 1476 1123 1540; x_wconf 81' lang='lat' dir='ltr'>index</span> <span class='ocrx_word' id='word_1_52' title='bbox 1147 1477 1207 1540; x_wconf 92' lang='lat' dir='ltr'>sub</span> <span class='ocrx_word' id='word_1_53' title='bbox 1231 1476 1376 1556; x_wconf 82' lang='lat' dir='ltr'>imagine</span> <span class='ocrx_word' id='word_1_54' title='bbox 1400 1475 1496 1551; x_wconf 84' lang='lat' dir='ltr'>dicat,</span> 
     </span>
    </p>
   </div>
   <div class='ocr_carea' id='block_1_6' title="bbox 523 1588 1429 2019">
    <p class='ocr_par' dir='ltr' id='par_1_6' title="bbox 523 1588 1429 1903">
     <span class='ocr_line' id='line_1_9' title="bbox 524 1588 1429 1673; baseline 0 -20"><span class='ocrx_word' id='word_1_55' title='bbox 524 1588 588 1654; x_wconf 83' lang='lat' dir='ltr'>Sed</span> <span class='ocrx_word' id='word_1_56' title='bbox 612 1592 743 1671; x_wconf 84' lang='lat' dir='ltr'>generis</span> <span class='ocrx_word' id='word_1_57' title='bbox 767 1592 895 1673; x_wconf 88' lang='lat' dir='ltr'>priscos</span> <span class='ocrx_word' id='word_1_58' title='bbox 920 1592 1095 1655; x_wconf 79' lang='lat' dir='ltr'>contendis</span> <span class='ocrx_word' id='word_1_59' title='bbox 1119 1592 1251 1656; x_wconf 88' lang='lat' dir='ltr'>vincere</span> <span class='ocrx_word' id='word_1_60' title='bbox 1275 1592 1429 1665; x_wconf 91' lang='lat' dir='ltr'>honores,</span> 
     </span>
     <span class='ocr_line' id='line_1_10' title="bbox 525 1703 1407 1800; baseline -0.002 -31"><span class='ocrx_word' id='word_1_61' title='bbox 525 1703 631 1782; x_wconf 85' lang='lat' dir='ltr'>Quam</span> <span class='ocrx_word' id='word_1_62' title='bbox 655 1705 717 1768; x_wconf 89' lang='lat' dir='ltr'>tibi</span> <span class='ocrx_word' id='word_1_63' title='bbox 740 1706 893 1800; x_wconf 67' lang='lat' dir='ltr'>maiores3</span> <span class='ocrx_word' id='word_1_64' title='bbox 920 1707 1029 1769; x_wconf 88' lang='lat' dir='ltr'>maius</span> <span class='ocrx_word' id='word_1_65' title='bbox 1054 1706 1153 1770; x_wconf 89' lang='lat' dir='ltr'>decus</span> <span class='ocrx_word' id='word_1_66' title='bbox 1178 1706 1251 1787; x_wconf 89' lang='lat' dir='ltr'>ipse</span> <span class='ocrx_word' id='word_1_67' title='bbox 1276 1706 1407 1768; x_wconf 85' lang='lat' dir='ltr'>futuris.</span> 
     </span>
     <span class='ocr_line' id='line_1_11' title="bbox 523 1820 1379 1903; baseline 0.002 -20"><span class='ocrx_word' id='word_1_68' title='bbox 523 1820 565 1883; x_wconf 85' lang='lat' dir='ltr'>At</span> <span class='ocrx_word' id='word_1_69' title='bbox 588 1825 646 1883; x_wconf 90' lang='grc'><strong>1111</strong></span> <span class='ocrx_word' id='word_1_70' title='bbox 669 1841 738 1885; x_wconf 92' lang='lat' dir='ltr'>non</span> <span class='ocrx_word' id='word_1_71' title='bbox 762 1822 880 1885; x_wconf 90' lang='lat' dir='ltr'>titulus</span> <span class='ocrx_word' id='word_1_72' title='bbox 904 1822 1012 1903; x_wconf 78' lang='lat' dir='ltr'>capiet</span> <span class='ocrx_word' id='word_1_73' title='bbox 1036 1822 1096 1885; x_wconf 90' lang='lat' dir='ltr'>sub</span> <span class='ocrx_word' id='word_1_74' title='bbox 1120 1823 1258 1886; x_wconf 89' lang='lat' dir='ltr'>nomine</span> <span class='ocrx_word' id='word_1_75' title='bbox 1283 1822 1379 1898; x_wconf 86' lang='lat' dir='ltr'>factu,</span> 
     </span>
    </p>

    <p class='ocr_par' dir='ltr' id='par_1_7' title="bbox 523 1935 1425 2019">
     <span class='ocr_line' id='line_1_12' title="bbox 523 1935 1425 2019; baseline 0.002 -22"><span class='ocrx_word' id='word_1_76' title='bbox 523 1935 667 2000; x_wconf 86' lang='lat' dir='ltr'>Aeterno</span> <span class='ocrx_word' id='word_1_77' title='bbox 692 1935 750 1999; x_wconf 92' lang='lat' dir='ltr'>sed</span> <span class='ocrx_word' id='word_1_78' title='bbox 775 1940 872 1999; x_wconf 88' lang='lat' dir='ltr'>erunt</span> <span class='ocrx_word' id='word_1_79' title='bbox 894 1937 955 1999; x_wconf 92' lang='lat' dir='ltr'>tibi</span> <span class='ocrx_word' id='word_1_80' title='bbox 980 1957 1102 2019; x_wconf 85' lang='lat' dir='ltr'>magna</span> <span class='ocrx_word' id='word_1_81' title='bbox 1124 1937 1296 2001; x_wconf 85' lang='lat' dir='ltr'>volumina</span> <span class='ocrx_word' id='word_1_82' title='bbox 1319 1956 1425 2012; x_wconf 86' lang='lat' dir='ltr'>versu,</span> 
     </span>
    </p>
   </div>
   <div class='ocr_carea' id='block_1_7' title="bbox 450 2051 1398 2135">
    <p class='ocr_par' dir='ltr' id='par_1_8' title="bbox 450 2051 1398 2135">
     <span class='ocr_line' id='line_1_13' title="bbox 450 2051 1398 2135; baseline -0.001 -18"><span class='ocrx_word' id='word_1_83' title='bbox 450 2085 455 2117; x_wconf 74' lang='grc' dir='ltr'><strong>ε</strong></span> <span class='ocrx_word' id='word_1_84' title='bbox 526 2051 799 2134; x_wconf 83' lang='lat' dir='ltr'>Convenientque</span> <span class='ocrx_word' id='word_1_85' title='bbox 822 2057 897 2116; x_wconf 90' lang='lat' dir='ltr'>tuas</span> <span class='ocrx_word' id='word_1_86' title='bbox 922 2053 1034 2135; x_wconf 90' lang='lat' dir='ltr'>cupidi</span> <span class='ocrx_word' id='word_1_87' title='bbox 1058 2073 1258 2135; x_wconf 87' lang='lat' dir='ltr'>componere</span> <span class='ocrx_word' id='word_1_88' title='bbox 1281 2053 1398 2117; x_wconf 89' lang='lat' dir='ltr'>laudes</span> 
     </span>
    </p>
   </div>
   <div class='ocr_carea' id='block_1_8' title="bbox 525 2168 1507 2709">
    <p class='ocr_par' dir='ltr' id='par_1_9' title="bbox 525 2168 1507 2709">
     <span class='ocr_line' id='line_1_14' title="bbox 525 2168 1507 2251; baseline -0.001 -19"><span class='ocrx_word' id='word_1_89' title='bbox 525 2168 689 2251; x_wconf 87' lang='lat' dir='ltr'>Undique,</span> <span class='ocrx_word' id='word_1_90' title='bbox 712 2169 833 2251; x_wconf 93' lang='lat' dir='ltr'>quique</span> <span class='ocrx_word' id='word_1_91' title='bbox 857 2172 979 2232; x_wconf 91' lang='lat' dir='ltr'>canent</span> <span class='ocrx_word' id='word_1_92' title='bbox 1001 2170 1112 2232; x_wconf 90' lang='lat' dir='ltr'>vincto</span> <span class='ocrx_word' id='word_1_93' title='bbox 1136 2168 1219 2250; x_wconf 90' lang='lat' dir='ltr'>pede</span> <span class='ocrx_word' id='word_1_94' title='bbox 1243 2170 1363 2250; x_wconf 92' lang='lat' dir='ltr'>quique</span> <span class='ocrx_word' id='word_1_95' title='bbox 1389 2168 1507 2232; x_wconf 84' lang='lat' dir='ltr'>solute.</span> 
     </span>
     <span class='ocr_line' id='line_1_15' title="bbox 527 2285 1427 2366; baseline 0.001 -18"><span class='ocrx_word' id='word_1_96' title='bbox 527 2285 608 2363; x_wconf 81' lang='lat' dir='ltr'>Quis</span> <span class='ocrx_word' id='word_1_97' title='bbox 632 2286 752 2366; x_wconf 86' lang='lat' dir='ltr'>potior,</span> <span class='ocrx_word' id='word_1_98' title='bbox 777 2290 946 2349; x_wconf 90' lang='lat' dir='ltr'>certamen</span> <span class='ocrx_word' id='word_1_99' title='bbox 971 2287 1051 2350; x_wconf 90' lang='lat' dir='ltr'>erit:</span> <span class='ocrx_word' id='word_1_100' title='bbox 1077 2287 1140 2349; x_wconf 89' lang='lat' dir='ltr'>sim</span> <span class='ocrx_word' id='word_1_101' title='bbox 1163 2287 1268 2350; x_wconf 85' lang='lat' dir='ltr'>victor</span> <span class='ocrx_word' id='word_1_102' title='bbox 1291 2288 1327 2349; x_wconf 93' lang='lat' dir='ltr'>in</span> <span class='ocrx_word' id='word_1_103' title='bbox 1351 2287 1427 2365; x_wconf 87' lang='lat' dir='ltr'>illia,</span> 
     </span>
     <span class='ocr_line' id='line_1_16' title="bbox 525 2399 1396 2475; baseline 0 -10"><span class='ocrx_word' id='word_1_104' title='bbox 525 2400 570 2465; x_wconf 92' lang='lat' dir='ltr'>Ut</span> <span class='ocrx_word' id='word_1_105' title='bbox 592 2405 745 2465; x_wconf 89' lang='lat' dir='ltr'>nostrum</span> <span class='ocrx_word' id='word_1_106' title='bbox 768 2401 870 2464; x_wconf 91' lang='lat' dir='ltr'>tantis</span> <span class='ocrx_word' id='word_1_107' title='bbox 894 2399 1075 2464; x_wconf 78' lang='lat' dir='ltr'>inscribam</span> <span class='ocrx_word' id='word_1_108' title='bbox 1098 2422 1222 2471; x_wconf 89' lang='lat' dir='ltr'>nomen</span> <span class='ocrx_word' id='word_1_109' title='bbox 1246 2402 1282 2475; x_wconf 88' lang='lat' dir='ltr'>in</span> <span class='ocrx_word' id='word_1_110' title='bbox 1306 2402 1396 2465; x_wconf 90' lang='lat' dir='ltr'>actis.</span> 
     </span>
     <span class='ocr_line' id='line_1_17' title="bbox 570 2515 1412 2597; baseline 0.002 -20"><span class='ocrx_word' id='word_1_111' title='bbox 570 2515 655 2578; x_wconf 89' lang='lat' dir='ltr'>Nam</span> <span class='ocrx_word' id='word_1_112' title='bbox 679 2516 752 2595; x_wconf 92' lang='lat' dir='ltr'>quis</span> <span class='ocrx_word' id='word_1_113' title='bbox 776 2519 808 2578; x_wconf 89' lang='lat' dir='ltr'>te</span> <span class='ocrx_word' id='word_1_114' title='bbox 833 2516 961 2579; x_wconf 89' lang='lat' dir='ltr'>maiora</span> <span class='ocrx_word' id='word_1_115' title='bbox 985 2517 1069 2597; x_wconf 85' lang='lat' dir='ltr'>gerit</span> <span class='ocrx_word' id='word_1_116' title='bbox 1092 2517 1250 2581; x_wconf 88' lang='lat' dir='ltr'>castrisve</span> <span class='ocrx_word' id='word_1_117' title='bbox 1275 2518 1412 2581; x_wconf 75' lang='lat' dir='ltr'>lorove?</span> 
     </span>
     <span class='ocr_line' id='line_1_18' title="bbox 526 2632 1505 2709; baseline 0 -14"><span class='ocrx_word' id='word_1_118' title='bbox 526 2632 592 2695; x_wconf 88' lang='lat' dir='ltr'>Nec</span> <span class='ocrx_word' id='word_1_119' title='bbox 615 2636 729 2694; x_wconf 89' lang='lat' dir='ltr'>tamen</span> <span class='ocrx_word' id='word_1_120' title='bbox 753 2632 807 2699; x_wconf 87' lang='lat' dir='ltr'>hic</span> <span class='ocrx_word' id='word_1_121' title='bbox 831 2633 889 2695; x_wconf 88' lang='lat' dir='ltr'>aut</span> <span class='ocrx_word' id='word_1_122' title='bbox 912 2632 967 2696; x_wconf 89' lang='grc'><strong>1111</strong></span> <span class='ocrx_word' id='word_1_123' title='bbox 990 2632 1051 2695; x_wconf 89' lang='lat' dir='ltr'>tibi</span> <span class='ocrx_word' id='word_1_124' title='bbox 1076 2632 1150 2695; x_wconf 90' lang='lat' dir='ltr'>laus</span> <span class='ocrx_word' id='word_1_125' title='bbox 1174 2634 1321 2698; x_wconf 86' lang='lat' dir='ltr'>maiorve</span> <span class='ocrx_word' id='word_1_126' title='bbox 1346 2634 1505 2709; x_wconf 88' lang='lat' dir='ltr'>minorve,</span> 
     </span>
    </p>
   </div>
   <div class='ocr_carea' id='block_1_9' title="bbox 526 2740 1507 2947">
    <p class='ocr_par' dir='ltr' id='par_1_10' title="bbox 526 2740 1507 2947">
     <span class='ocr_line' id='line_1_19' title="bbox 526 2740 1418 2831; baseline -0.001 -19"><span class='ocrx_word' id='word_1_127' title='bbox 526 2749 618 2812; x_wconf 89' lang='lat' dir='ltr'>Iusta</span> <span class='ocrx_word' id='word_1_128' title='bbox 641 2748 713 2831; x_wconf 85' lang='lat' dir='ltr'>pari</span> <span class='ocrx_word' id='word_1_129' title='bbox 736 2749 901 2829; x_wconf 91' lang='lat' dir='ltr'>premitur</span> <span class='ocrx_word' id='word_1_130' title='bbox 923 2748 1028 2813; x_wconf 88' lang='lat' dir='ltr'>veluti</span> <span class='ocrx_word' id='word_1_131' title='bbox 1052 2768 1128 2812; x_wconf 90' lang='lat' dir='ltr'>cum</span> <span class='ocrx_word' id='word_1_132' title='bbox 1145 2740 1299 2831; x_wconf 50' lang='lat' dir='ltr'>&#39;pondere</span> <span class='ocrx_word' id='word_1_133' title='bbox 1323 2750 1418 2823; x_wconf 91' lang='lat' dir='ltr'>libra,</span> 
     </span>
     <span class='ocr_line' id='line_1_20' title="bbox 527 2865 1507 2947; baseline -0.002 -19"><span class='ocrx_word' id='word_1_134' title='bbox 527 2865 634 2928; x_wconf 89' lang='lat' dir='ltr'>Prona</span> <span class='ocrx_word' id='word_1_135' title='bbox 658 2884 720 2928; x_wconf 91' lang='lat' dir='ltr'>nec</span> <span class='ocrx_word' id='word_1_136' title='bbox 744 2866 806 2928; x_wconf 91' lang='lat' dir='ltr'>hac</span> <span class='ocrx_word' id='word_1_137' title='bbox 829 2865 905 2945; x_wconf 91' lang='lat' dir='ltr'>plus</span> <span class='ocrx_word' id='word_1_138' title='bbox 929 2869 1024 2947; x_wconf 88' lang='lat' dir='ltr'>parte</span> <span class='ocrx_word' id='word_1_139' title='bbox 1049 2865 1142 2929; x_wconf 87' lang='lat' dir='ltr'>sedet</span> <span class='ocrx_word' id='word_1_140' title='bbox 1164 2886 1226 2929; x_wconf 92' lang='lat' dir='ltr'>nec</span> <span class='ocrx_word' id='word_1_141' title='bbox 1250 2867 1355 2946; x_wconf 83' lang='lat' dir='ltr'>surgit</span> <span class='ocrx_word' id='word_1_142' title='bbox 1378 2865 1419 2929; x_wconf 93' lang='lat' dir='ltr'>ab</span> <span class='ocrx_word' id='word_1_143' title='bbox 1442 2865 1507 2941; x_wconf 89' lang='grc'><strong>1111,</strong></span> 
     </span>
    </p>
   </div>
   <div class='ocr_carea' id='block_1_10' title="bbox 528 2981 1478 3179">
    <p class='ocr_par' dir='ltr' id='par_1_11' title="bbox 528 2981 1478 3179">
     <span class='ocr_line' id='line_1_21' title="bbox 528 2981 1478 3064; baseline 0 -19"><span class='ocrx_word' id='word_1_144' title='bbox 528 2982 652 3061; x_wconf 82' lang='lat' dir='ltr'>Qualis,</span> <span class='ocrx_word' id='word_1_145' title='bbox 670 2982 876 3063; x_wconf 79' lang='lat' dir='ltr'>inaequatum</span> <span class='ocrx_word' id='word_1_146' title='bbox 895 2981 1072 3063; x_wconf 91' lang='lat' dir='ltr'>siquando</span> <span class='ocrx_word' id='word_1_147' title='bbox 1090 3002 1175 3045; x_wconf 93' lang='lat' dir='ltr'>onus</span> <span class='ocrx_word' id='word_1_148' title='bbox 1191 2986 1287 3063; x_wconf 85' lang='lat' dir='ltr'>urget</span> <span class='ocrx_word' id='word_1_149' title='bbox 1302 2984 1478 3064; x_wconf 75' lang='lat' dir='ltr'>utrimque,</span> 
     </span>
     <span class='ocr_line' id='line_1_22' title="bbox 528 3095 1294 3179; baseline 0.001 -20"><span class='ocrx_word' id='word_1_150' title='bbox 528 3096 699 3159; x_wconf 85' lang='lat' dir='ltr'>instabilis</span> <span class='ocrx_word' id='word_1_151' title='bbox 723 3100 817 3159; x_wconf 89' lang='lat' dir='ltr'>natat</span> <span class='ocrx_word' id='word_1_152' title='bbox 841 3096 970 3159; x_wconf 88' lang='lat' dir='ltr'>alterno</span> <span class='ocrx_word' id='word_1_153' title='bbox 996 3095 1184 3179; x_wconf 77' lang='lat' dir='ltr'>depressior</span> <span class='ocrx_word' id='word_1_154' title='bbox 1207 3097 1294 3160; x_wconf 92' lang='lat' dir='ltr'>orbe.</span> 
     </span>
    </p>
   </div>
   <div class='ocr_carea' id='block_1_11' title="bbox 469 3213 1400 3295">
    <p class='ocr_par' dir='ltr' id='par_1_12' title="bbox 469 3213 1400 3295">
     <span class='ocr_line' id='line_1_23' title="bbox 469 3213 1400 3295; baseline -0.002 -17"><span class='ocrx_word' id='word_1_155' title='bbox 469 3245 481 3278; x_wconf 70' lang='lat' dir='ltr'>a</span> <span class='ocrx_word' id='word_1_156' title='bbox 573 3215 657 3278; x_wconf 90' lang='lat' dir='ltr'>Nam</span> <span class='ocrx_word' id='word_1_157' title='bbox 681 3233 740 3276; x_wconf 91' lang='lat' dir='ltr'>seu</span> <span class='ocrx_word' id='word_1_158' title='bbox 763 3213 883 3276; x_wconf 87' lang='lat' dir='ltr'>diversi</span> <span class='ocrx_word' id='word_1_159' title='bbox 908 3214 1027 3277; x_wconf 84' lang='lat' dir='ltr'>fremat</span> <span class='ocrx_word' id='word_1_160' title='bbox 1050 3214 1277 3277; x_wconf 90' lang='lat' dir='ltr'>inconstantia</span> <span class='ocrx_word' id='word_1_161' title='bbox 1300 3213 1400 3295; x_wconf 84' lang='lat' dir='ltr'>vulgi,</span> 
     </span>
    </p>
   </div>
   <div class='ocr_carea' id='block_1_12' title="bbox 529 3329 1491 4339">
    <p class='ocr_par' dir='ltr' id='par_1_13' title="bbox 530 3329 1299 3411">
     <span class='ocr_line' id='line_1_24' title="bbox 530 3329 1299 3411; baseline -0.003 -18"><span class='ocrx_word' id='word_1_162' title='bbox 530 3330 605 3395; x_wconf 92' lang='lat' dir='ltr'>Non</span> <span class='ocrx_word' id='word_1_163' title='bbox 628 3331 715 3393; x_wconf 89' lang='lat' dir='ltr'>alius</span> <span class='ocrx_word' id='word_1_164' title='bbox 740 3329 854 3393; x_wconf 91' lang='lat' dir='ltr'>sedare</span> <span class='ocrx_word' id='word_1_165' title='bbox 879 3333 998 3411; x_wconf 88' lang='lat' dir='ltr'>queat:</span> <span class='ocrx_word' id='word_1_166' title='bbox 1024 3348 1083 3391; x_wconf 89' lang='lat' dir='ltr'>seu</span> <span class='ocrx_word' id='word_1_167' title='bbox 1106 3329 1225 3392; x_wconf 89' lang='lat' dir='ltr'>iudicis</span> <span class='ocrx_word' id='word_1_168' title='bbox 1248 3330 1299 3392; x_wconf 90' lang='lat' dir='ltr'>ira</span> 
     </span>
    </p>

    <p class='ocr_par' dir='ltr' id='par_1_14' title="bbox 529 3428 1353 3527">
     <span class='ocr_line' id='line_1_25' title="bbox 529 3428 1353 3527; baseline -0.001 -19"><span class='ocrx_word' id='word_1_169' title='bbox 529 3444 581 3509; x_wconf 83' lang='lat' dir='ltr'>Sit</span> <span class='ocrx_word' id='word_1_170' title='bbox 603 3443 774 3527; x_wconf 86' lang='lat' dir='ltr'>placanda,</span> <span class='ocrx_word' id='word_1_171' title='bbox 800 3444 867 3507; x_wconf 91' lang='lat' dir='ltr'>tuis</span> <span class='ocrx_word' id='word_1_172' title='bbox 890 3428 1014 3525; x_wconf 89' lang='lat' dir='ltr'>poterit</span> <span class='ocrx_word' id='word_1_173' title='bbox 1037 3444 1210 3507; x_wconf 87' lang='lat' dir='ltr'>mitescere</span> <span class='ocrx_word' id='word_1_174' title='bbox 1233 3444 1353 3508; x_wconf 83' lang='lat' dir='ltr'>verbis.</span> 
     </span>
    </p>

    <p class='ocr_par' dir='ltr' id='par_1_15' title="bbox 529 3558 1491 3984">
     <span class='ocr_line' id='line_1_26' title="bbox 531 3558 1439 3641; baseline 0 -19"><span class='ocrx_word' id='word_1_175' title='bbox 531 3559 605 3623; x_wconf 89' lang='lat' dir='ltr'>Non</span> <span class='ocrx_word' id='word_1_176' title='bbox 628 3558 727 3641; x_wconf 87' lang='lat' dir='ltr'>Pylos</span> <span class='ocrx_word' id='word_1_177' title='bbox 752 3562 809 3621; x_wconf 88' lang='lat' dir='ltr'>aut</span> <span class='ocrx_word' id='word_1_178' title='bbox 832 3558 945 3621; x_wconf 89' lang='lat' dir='ltr'>Ithace</span> <span class='ocrx_word' id='word_1_179' title='bbox 970 3562 1082 3621; x_wconf 90' lang='lat' dir='ltr'>tantos</span> <span class='ocrx_word' id='word_1_180' title='bbox 1107 3559 1263 3640; x_wconf 83' lang='lat' dir='ltr'>genuisse</span> <span class='ocrx_word' id='word_1_181' title='bbox 1288 3560 1439 3623; x_wconf 86' lang='lat' dir='ltr'>feruntur</span> 
     </span>
     <span class='ocr_line' id='line_1_27' title="bbox 530 3674 1455 3756; baseline -0.003 -16"><span class='ocrx_word' id='word_1_182' title='bbox 530 3676 670 3740; x_wconf 89' lang='lat' dir='ltr'>Nestora</span> <span class='ocrx_word' id='word_1_183' title='bbox 693 3675 747 3739; x_wconf 88' lang='lat' dir='ltr'>vel</span> <span class='ocrx_word' id='word_1_184' title='bbox 770 3694 878 3756; x_wconf 88' lang='lat' dir='ltr'>parvae</span> <span class='ocrx_word' id='word_1_185' title='bbox 903 3694 1063 3756; x_wconf 83' lang='lat' dir='ltr'>magnum</span> <span class='ocrx_word' id='word_1_186' title='bbox 1087 3674 1186 3738; x_wconf 89' lang='lat' dir='ltr'>decus</span> <span class='ocrx_word' id='word_1_187' title='bbox 1210 3674 1302 3737; x_wconf 93' lang='lat' dir='ltr'>urbis</span> <span class='ocrx_word' id='word_1_188' title='bbox 1326 3674 1455 3747; x_wconf 81' lang='lat' dir='ltr'>Ulixen,</span> 
     </span>
     <span class='ocr_line' id='line_1_28' title="bbox 529 3790 1491 3874; baseline -0.005 -18"><span class='ocrx_word' id='word_1_189' title='bbox 529 3792 656 3857; x_wconf 82' lang='lat' dir='ltr'>Vixerit</span> <span class='ocrx_word' id='word_1_190' title='bbox 680 3793 736 3857; x_wconf 91' lang='lat' dir='ltr'>ille</span> <span class='ocrx_word' id='word_1_191' title='bbox 762 3813 863 3857; x_wconf 81' lang='lat' dir='ltr'>senex</span> <span class='ocrx_word' id='word_1_192' title='bbox 886 3794 1047 3874; x_wconf 89' lang='lat' dir='ltr'>quamvis,</span> <span class='ocrx_word' id='word_1_193' title='bbox 1074 3792 1153 3856; x_wconf 92' lang='lat' dir='ltr'>dum</span> <span class='ocrx_word' id='word_1_194' title='bbox 1175 3796 1271 3855; x_wconf 89' lang='lat' dir='ltr'>terna</span> <span class='ocrx_word' id='word_1_195' title='bbox 1296 3812 1354 3873; x_wconf 88' lang='lat' dir='ltr'>par</span> <span class='ocrx_word' id='word_1_196' title='bbox 1378 3790 1491 3854; x_wconf 89' lang='lat' dir='ltr'>orbem</span> 
     </span>
     <span class='ocr_line' id='line_1_29' title="bbox 532 3908 1304 3984; baseline -0.005 -9"><span class='ocrx_word' id='word_1_197' title='bbox 532 3908 658 3975; x_wconf 83' lang='lat' dir='ltr'>Saecula</span> <span class='ocrx_word' id='word_1_198' title='bbox 675 3909 848 3973; x_wconf 74' lang='lat' dir='ltr'>fertilibus</span> <span class='ocrx_word' id='word_1_199' title='bbox 871 3908 969 3973; x_wconf 82' lang='lat' dir='ltr'>Titan</span> <span class='ocrx_word' id='word_1_200' title='bbox 994 3909 1181 3973; x_wconf 91' lang='lat' dir='ltr'>decurreret</span> <span class='ocrx_word' id='word_1_201' title='bbox 1203 3910 1304 3984; x_wconf 89' lang='lat' dir='ltr'>horis,</span> 
     </span>
    </p>

    <p class='ocr_par' dir='ltr' id='par_1_16' title="bbox 530 4024 1272 4107">
     <span class='ocr_line' id='line_1_30' title="bbox 530 4024 1272 4107; baseline -0.001 -19"><span class='ocrx_word' id='word_1_202' title='bbox 530 4025 593 4089; x_wconf 90' lang='lat' dir='ltr'>Ille</span> <span class='ocrx_word' id='word_1_203' title='bbox 616 4025 831 4107; x_wconf 86' lang='lat' dir='ltr'>perignotae</span> <span class='ocrx_word' id='word_1_204' title='bbox 855 4024 962 4089; x_wconf 84' lang='lat' dir='ltr'>audax</span> <span class='ocrx_word' id='word_1_205' title='bbox 987 4025 1142 4088; x_wconf 88' lang='lat' dir='ltr'>erraverit</span> <span class='ocrx_word' id='word_1_206' title='bbox 1164 4024 1272 4099; x_wconf 92' lang='lat' dir='ltr'>urbes,</span> 
     </span>
    </p>

    <p class='ocr_par' dir='ltr' id='par_1_17' title="bbox 532 4137 1370 4217">
     <span class='ocr_line' id='line_1_31' title="bbox 532 4137 1370 4217; baseline -0.002 -14"><span class='ocrx_word' id='word_1_207' title='bbox 532 4137 605 4217; x_wconf 81' lang='lat' dir='ltr'>Qua</span> <span class='ocrx_word' id='word_1_208' title='bbox 627 4139 731 4203; x_wconf 90' lang='lat' dir='ltr'>maris</span> <span class='ocrx_word' id='word_1_209' title='bbox 755 4140 909 4203; x_wconf 84' lang='lat' dir='ltr'>extremis</span> <span class='ocrx_word' id='word_1_210' title='bbox 933 4140 1034 4204; x_wconf 91' lang='lat' dir='ltr'>tellus</span> <span class='ocrx_word' id='word_1_211' title='bbox 1058 4140 1240 4203; x_wconf 87' lang='lat' dir='ltr'>includitur</span> <span class='ocrx_word' id='word_1_212' title='bbox 1262 4138 1370 4202; x_wconf 88' lang='lat' dir='ltr'>undis.</span> 
     </span>
    </p>

    <p class='ocr_par' dir='ltr' id='par_1_18' title="bbox 532 4255 1487 4339">
     <span class='ocr_line' id='line_1_32' title="bbox 532 4255 1487 4339; baseline -0.003 -20"><span class='ocrx_word' id='word_1_213' title='bbox 532 4258 616 4320; x_wconf 92' lang='lat' dir='ltr'>Nam</span> <span class='ocrx_word' id='word_1_214' title='bbox 640 4256 867 4339; x_wconf 83' lang='lat' dir='ltr'>Ciconumque</span> <span class='ocrx_word' id='word_1_215' title='bbox 889 4278 1012 4320; x_wconf 90' lang='lat' dir='ltr'>manus</span> <span class='ocrx_word' id='word_1_216' title='bbox 1038 4256 1183 4321; x_wconf 82' lang='lat' dir='ltr'>adversis</span> <span class='ocrx_word' id='word_1_217' title='bbox 1208 4256 1353 4337; x_wconf 90' lang='lat' dir='ltr'>reppulit</span> <span class='ocrx_word' id='word_1_218' title='bbox 1377 4255 1487 4327; x_wconf 88' lang='lat' dir='ltr'>armis,</span> 
     </span>
    </p>
   </div>
   <div class='ocr_carea' id='block_1_13' title="bbox 471 4371 1306 4455">
    <p class='ocr_par' dir='ltr' id='par_1_19' title="bbox 471 4371 1306 4455">
     <span class='ocr_line' id='line_1_33' title="bbox 471 4371 1306 4455; baseline -0.005 -18"><span class='ocrx_word' id='word_1_219' title='bbox 471 4403 484 4437; x_wconf 76' lang='lat' dir='ltr'>a</span> <span class='ocrx_word' id='word_1_220' title='bbox 531 4371 598 4435; x_wconf 90' lang='lat' dir='ltr'>Nec</span> <span class='ocrx_word' id='word_1_221' title='bbox 620 4372 725 4436; x_wconf 86' lang='lat' dir='ltr'>valuit</span> <span class='ocrx_word' id='word_1_222' title='bbox 747 4373 835 4436; x_wconf 91' lang='lat' dir='ltr'>lotos</span> <span class='ocrx_word' id='word_1_223' title='bbox 859 4378 985 4455; x_wconf 73' lang='lat' dir='ltr'>creptos</span> <span class='ocrx_word' id='word_1_224' title='bbox 1009 4375 1156 4436; x_wconf 87' lang='lat' dir='ltr'>avertere</span> <span class='ocrx_word' id='word_1_225' title='bbox 1181 4390 1306 4447; x_wconf 89' lang='grc'><strong>11111111,</strong></span> 
     </span>
    </p>
   </div>
   <div class='ocr_carea' id='block_1_14' title="bbox 533 4486 1321 4570">
    <p class='ocr_par' dir='ltr' id='par_1_20' title="bbox 533 4486 1321 4570">
     <span class='ocr_line' id='line_1_34' title="bbox 533 4486 1321 4570; baseline -0.005 -19"><span class='ocrx_word' id='word_1_226' title='bbox 533 4486 640 4551; x_wconf 89' lang='lat' dir='ltr'>Cessit</span> <span class='ocrx_word' id='word_1_227' title='bbox 664 4491 696 4550; x_wconf 90' lang='lat' dir='ltr'>et</span> <span class='ocrx_word' id='word_1_228' title='bbox 718 4487 860 4551; x_wconf 73' lang='lat' dir='ltr'>Aetnaeae</span> <span class='ocrx_word' id='word_1_229' title='bbox 885 4488 1072 4569; x_wconf 71' lang='lat' dir='ltr'>Neptunius</span> <span class='ocrx_word' id='word_1_230' title='bbox 1096 4486 1206 4570; x_wconf 84' lang='lat' dir='ltr'>incola</span> <span class='ocrx_word' id='word_1_231' title='bbox 1230 4486 1321 4566; x_wconf 91' lang='lat' dir='ltr'>rupis</span> 
     </span>
    </p>
   </div>
   <div class='ocr_carea' id='block_1_15' title="bbox 0 0 1940 5492">
    <p class='ocr_par' dir='ltr' id='par_1_21' title="bbox 0 0 1940 5492">
     <span class='ocr_line' id='line_1_35' title="bbox 0 0 1940 5492; baseline 0 0"><span class='ocrx_word' id='word_1_232' title='bbox 0 0 1940 5492; x_wconf 95' lang='lat' dir='ltr'> </span> 
     </span>
    </p>
   </div>
  </div>
 </body>
</html>
