3834 5492
430 661 466 714 56
730 654 733 660 ¹
764 686 806 729 an
824 685 919 730 asan.
939 685 1033 731 unua.
1053 687 1094 731 ιν.
1117 684 1231 732 17--ea

433 853 523 929 nunc
545 882 671 945 poenae
698 862 804 943 impia
835 862 952 943 lingua
987 863 1068 926 luit»
1106 867 1139 926 et
1171 863 1242 928 Tib.
1275 865 1300 928 I.
1337 867 1364 941 3,
1401 868 1553 931 51-502:

437 1004 526 1049 «non
555 1002 608 1044 me
638 978 786 1060 periuria
817 982 953 1051 terrent,
988 978 1064 1041 Non
1097 977 1184 1042 dicta
1217 980 1253 1042 in
1287 984 1420 1045 sanctos
1448 981 1552 1063 impia

432 1100 533 1165 verba
556 1096 665 1161 deos».

478 1215 514 1279 V.
543 1214 681 1278 17--ah
718 1208 792 1276 lum
816 1208 898 1276 Nox
922 1215 995 1293 etc,
1019 1232 1152 1274 currum
1184 1213 1281 1276 Nocti
1304 1214 1422 1277 tribuit
1444 1219 1555 1294 poeta,

433 1337 472 1398 ut
487 1331 556 1395 Tib.
573 1329 615 1392 IL
637 1331 664 1402 1,
683 1329 743 1391 87:
774 1326 863 1389 «Iam
879 1326 951 1389 Nox
968 1327 1077 1407 iungit
1094 1346 1228 1408 equos».
1248 1365 1290 1371 —
1309 1325 1508 1392 ratherium.
1525 1379 1552 1391 ..

433 1445 612 1520 cunradum,
649 1444 778 1521 caelum,
812 1442 870 1505 ubi
905 1444 1009 1506 aether
1044 1446 1109 1517 est3
1145 1442 1353 1524 Lygdamum
1380 1444 1556 1507 imitantur

433 1566 570 1645 ignotus
593 1564 707 1624 auctor
732 1556 854 1622 Culicis
882 1557 1074 1621 101--1022
1105 1548 1241 1621 «Tendit
1257 1559 1427 1623 inevectus
1443 1559 1556 1622 radios

434 1677 638 1762 Hyperionis
677 1676 774 1738 ardor
813 1673 1002 1755 Lucidaque
1045 1676 1181 1739 aetherio
1224 1676 1321 1757 penit
1362 1674 1555 1739 discrimina

434 1792 580 1860 mundo»
619 1796 652 1854 et
687 1790 801 1854 Senec.
835 1788 962 1852 Phaedr.
1001 1791 1194 1854 339—346:
1236 1810 1384 1873 «quaque
1419 1792 1556 1853 aetherio

435 1910 584 1975 Candida
618 1905 743 1970 mundo
783 1905 893 1969 sidera
930 1911 1099 1969 currunt».
1140 1942 1183 1949 --
1218 1904 1409 1991 quadripia
1446 1907 1555 1987 bigam

434 2028 531 2093 Nocti
562 2016 714 2087 tribuunt
747 2020 805 2083 alii
835 2024 950 2101 poetae,
985 2024 1023 2083 ut
1056 2018 1152 2102 Verg.
1185 2021 1267 2085 Aen.
1300 2022 1354 2085 IV.
1385 2022 1466 2087 721:
1497 2022 1556 2084 «Et

435 2144 507 2207 Nox
530 2138 741 2220 atra.polum
763 2135 849 2217 bigis
874 2135 1031 2199 subvecta
1054 2136 1221 2201 tenebat».
1255 2175 1299 2181 —
1331 2138 1475 2203 caeruleo
1500 2136 1555 2202 la-

436 2261 530 2324 verat
554 2273 655 2321 una-uc
677 2257 781 2330 rotae,
805 2256 905 2333 poeta
928 2257 1007 2315 ante
1031 2253 1146 2316 oeulos
1170 2254 1288 2317 habuit
1303 2254 1398 2335 Verg.
1418 2253 1475 2317 Ge.
1496 2254 1554 2316 ΠΙ.

438 2375 512 2439 359.
537 2371 577 2435 de
602 2367 695 2434 Sole:
726 2366 949 2448 «Praecipitem
975 2365 1098 2457 Oceani
1122 2368 1222 2432 rubro
1238 2370 1321 2433 lavit
1337 2388 1467 2451 aequore
1484 2390 1555 2433 cur-

420 2503 528 2553 ‘rums
557 2491 590 2549 et
613 2484 681 2548 Tib.
707 2483 748 2546 IL
775 2476 804 2557 5,
838 2484 898 2547 60:
938 2480 1044 2546 «Solis
1077 2483 1275 2548 anhelantes
1308 2486 1414 2549 abluit
1447 2487 1557 2548 amnis

436 2624 572 2689 equos».
598 2638 641 2645 —
665 2600 788 2677 amicte,
813 2598 976 2675 Oceanus,
1002 2600 1080 2682 quia
1104 2601 1216 2664 orbem
1236 2606 1401 2665 terrarum
1418 2603 1554 2665 eircum-

437 2722 529 2797 fluit;
556 2721 595 2783 ci.
620 2716 720 2780 Hom.
745 2713 804 2779 Od.
830 2714 887 2777 XI.
909 2716 993 2778 639:
1020 2711 1167 2779 Ὠκεανὸν
1190 2720 1342 2802 ποταμόν;
1377 2716 1473 2799 Verg.
1500 2716 1556 2781 Ge.

436 2836 490 2901 IV.
526 2836 609 2898 233:
647 2829 790 2894 «oceani
823 2830 963 2891 amnis».
999 2866 1043 2873 —-
1073 2830 1178 2895 rasati
1211 2829 1294 2895 deus
1325 2830 1422 2896 utilis
1447 2850 1558 2917 caprea,

369 2972 377 2998 ν
439 2948 593 3022 Somnus,
620 2946 697 3029 quia
720 2964 816 3008 curas
841 2943 975 3020 adimit;
1002 2947 1041 3008 cf.
1067 2945 1162 3027 Verg.
1188 2946 1269 3011 Aen.
1294 2946 1335 3009 II.
1362 2948 1558 3012 hdssuhffl:

442 3056 603 3148 «Tempus
636 3067 715 3138 erat,
751 3082 816 3144 quo
847 3062 956 3142 prima
980 3062 1073 3143 quies
1096 3064 1293 3128 mortalibus
1317 3065 1412 3145 aegris
1436 3065 1559 3146 Incipit

440 3186 472 3248 et
495 3182 583 3246 dono
607 3179 721 3242 divum
745 3178 936 3260 gratissima
953 3179 1074 3261 serpit»
1102 3183 1135 3243 et
1159 3178 1278 3261 Georg.
1295 3180 1353 3243 ΠΙ,
1372 3182 1457 3243 53οε
1481 3199 1558 3242 lnee

439 3316 576 3363 somnos
600 3294 769 3376 abrumpit
792 3313 871 3357 eura
894 3296 1086 3372 salubres»;
1112 3293 1170 3359 Ov.
1195 3296 1290 3358 Pont.
1315 3296 1339 3359 L
1359 3297 1388 3371 h,
1406 3298 1556 3360 43-442

445 3413 593 3495 «requies
617 3410 848 3491 medicinaque
872 3410 1006 3491 publica
1029 3429 1116 3473 curae
1141 3401 1316 3476 Somnus».
1342 3449 1386 3455 —
1410 3382 1559 3476 Semirus

439 3525 604 3593 codicibus
629 3521 740 3608 deficit
773 3527 852 3589 arcte
884 3522 1016 3600 domos,
1050 3522 1195 3590 Somnus
1228 3527 1323 3607 quasi
1354 3526 1560 3589 defetiscitur

439 3660 548 3724 neque
583 3639 700 3704 domos
736 3639 913 3703 hominum
948 3639 1168 3703 sollicitorum
1203 3641 1328 3704 intrare
1363 3645 1481 3723 potest.
1518 3679 1559 3685 —

443 3757 564 3843 deficit,
589 3757 738 3822 absolute
762 3756 928 3838 pesitum:
954 3755 1112 3819 deficiunt
1137 3775 1212 3819 eum
1229 3756 1324 3833 vires,
1343 3757 1558 3833 defetiscitur,

440 3878 478 3937 ut
500 3873 569 3937 Tib.
594 3872 647 3936 IV.
674 3874 703 3948 3,
730 3873 767 3936 6:
798 3871 1035 3953 «deficiantque
1067 3891 1198 3935 canes».
1232 3908 1276 3916 —
1311 3891 1388 3937 curn
1423 3890 1560 3938 sumum

441 3988 588 4057 Ptoebas
607 3988 786 4074 prospcoeit
816 3986 859 4053 ab
892 3984 986 4066 Oeta,
1013 4008 1088 4051 cum
1112 3989 1162 4051 sol
1186 3989 1296 4053 oriens
1320 3990 1387 4052 iam
1412 4009 1560 4053 summos

441 4108 573 4169 montes
596 4104 715 4185 tetigit,
740 4108 778 4166 ut
802 4100 915 4167 Senec.
941 4103 1057 4168 Troad.
1090 4105 1282 4168 177--·178:
1320 4122 1469 4167 asumma
1492 4104 1559 4168 iam

441 4220 539 4284 Titan
562 4220 640 4300 iuga
665 4218 857 4301 Stringebat
886 4222 992 4282 ortu».
1027 4217 1154 4294 Oetam,
1189 4222 1338 4282 montem
1370 4217 1559 4293 Thessaliae,

443 4357 529 4419 saepe
561 4341 826 4400 commemorant
855 4341 962 4418 poetae
997 4335 1141 4399 Romani
1174 4335 1324 4417 exemplo
1360 4333 1560 4410 Graecorum,

442 4453 498 4517 ubi
523 4452 632 4533 agitur
655 4450 694 4514 de
720 4456 795 4515 ortu
817 4451 961 4533 Hesperi
984 4456 1042 4514 aut
1066 4452 1155 4515 solis.
1181 4450 1388 4531 Lygdamum
1412 4450 1560 4512 imitatur
