3834 5492
374 699 424 753 108
759 723 801 766 so
820 722 932 767 sesne.
954 719 1102 768 ros—11⁷.

371 895 544 983 duplicem
566 895 750 962 seiunctim
775 916 909 962 censere
939 896 1095 983 Martem,
1128 901 1237 982 egitur
1269 899 1309 964 de
1342 900 1412 963 soie
1446 900 1492 963 bi·

371 1015 504 1097 pertita,
530 1033 605 1078 oum
630 1017 828 1096 separantur
851 1013 916 1077 duo
940 1034 1066 1078 cornus
1082 1017 1244 1080 exereitus
1259 1034 1367 1097 neque
1383 1013 1494 1078 medis

372 1131 459 1195 onies
482 1131 718 1213 interponitur.
743 1167 788 1174 —-
810 1149 947 1196 eernere
963 1128 1121 1215 Martem,
1136 1131 1312 1196 decernere
1328 1150 1492 1212 pugnam

371 1246 542 1311 etelsus.
567 1246 688 1310 Beooh.
713 1245 770 1310 III.
798 1248 827 1322 3,
856 1246 914 1310 15:
944 1267 1052 1310 «nuno
1071 1251 1239 1312 oertsmen
1255 1247 1431 1310 cernitur».
1450 1281 1493 1289 —

371 1361 500 1428 Denter
532 1362 586 1428 nti
618 1361 742 1428 lavant
770 1364 884 1428 terreat
907 1361 1136 1451 dextrumque
1159 1363 1300 1430 sinister
1322 1360 1433 1445 Miles,
1455 1367 1493 1424 ut

371 1479 408 1543 in
444 1498 558 1562 pugna
597 1477 747 1542 dextrum
781 1498 885 1542 cornu
919 1479 1149 1544 Romanorum
1184 1479 1357 1544 sinistrum
1391 1498 1494 1541 oornu

371 1593 520 1656 hostium
553 1591 700 1657 detinent
736 1597 768 1656 ot
801 1594 954 1658 invicem.
988 1631 1032 1638 —
1063 1593 1193 1679 pomini
1215 1591 1360 1658 viatoria
1383 1609 1495 1669 ansas,

371 1709 519 1784 vintoris,
546 1729 617 1792 quae
642 1729 661 1772 a
684 1708 813 1773 duobus
837 1710 970 1774 casibus
993 1711 1125 1793 pendet

416 1822 453 1886 V.
481 1823 666 1888 106—112.
693 1819 847 1909 Iapydiae
870 1824 982 1908 miles,
1004 1823 1144 1908 Iapydes
1180 1826 1275 1888 erant
1307 1843 1389 1905 gens
1424 1824 1495 1885 fero

372 1942 406 2003 et
436 1939 597 2004 bellicose
623 1939 660 2003 in
684 1940 855 2018 Liburnia,
888 1942 945 2024 qui
969 1941 1174 2006 rebellarunt
1198 1961 1227 2004 a.
1253 1942 1305 2005 36.
1330 1943 1363 2002 et
1387 1939 1438 2001 35.
1464 1958 1491 2000 o.

372 2052 449 2119 Chr.
482 2076 514 2118 n.
550 2059 582 2119 et
616 2056 738 2120 devioti
771 2059 850 2119 sunt
882 2076 901 2120 a
932 2057 1071 2120 ducibus
1104 2057 1274 2132 Romanis,
1298 2055 1388 2118 inter
1412 2073 1494 2134 quos

371 2168 530 2234 Messalla
563 2171 637 2234 fait.
670 2169 718 2235 cf.
755 2167 1021 2237 Gardthausen:
1045 2172 1216 2253 Augustus
1238 2191 1270 2235 11.
1297 2169 1388 2233 seine
1410 2167 1492 2242 Zeit,

369 2306 400 2368 p.
436 2287 508 2349 333.
536 2289 569 2349 et
592 2286 669 2350 330.
703 2323 747 2330 -
778 2284 896 2370 salian
919 2283 1135 2370 Pannoniae,
1163 2287 1241 2370 quis
1263 2284 1430 2349 Pannonii
1454 2283 1494 2346 ab

372 2397 554 2464 Octaviano
579 2399 700 2463 devicti
723 2398 893 2463 deditione
917 2401 1005 2463 foeta
1027 2420 1105 2463 mox
1120 2404 1160 2479 (e.
1179 2401 1230 2464 35.
1252 2401 1398 2463 11311.
1417 2397 1494 2463 chr.

372 2517 417 2594 n)
439 2515 561 2578 iterum
584 2515 710 2579 bellum
733 2519 918 2578 moverunt.
944 2511 991 2579 Cf.
1013 2510 1258 2580 Gardthausen
1272 2513 1352 2578 ibid.
1369 2534 1401 2596 p.
1420 2515 1492 2577 395.

373 2650 422 2712 sq.
445 2666 488 2674 -
516 2629 655 2714 passim
679 2627 841 2694 disiectas
866 2628 903 2694 in
926 2626 1043 2714 Alpes,
1067 2634 1105 2693 ut
1128 2628 1261 2695 Consol.
1286 2630 1328 2695 sd
1350 2633 1421 2698 Liv.
1446 2623 1500 2700 rs.

373 2746 457 2811 390:
486 2743 706 2829 «Summaque
730 2744 871 2829 dispersi
895 2767 955 2828 per
978 2747 1057 2827 iugo.
1078 2745 1277 2812 Pannonii».
1302 2787 1346 2795 -
1369 2748 1495 2837 Anapi-

371 2860 441 2943 niS,
463 2860 606 2942 Arupini
629 2860 689 2938 (ito
712 2859 793 2923 dieti
817 2859 858 2923 ob
882 2860 1004 2942 oppido
1028 2861 1165 2943 Ampio)
1188 2868 1284 2927 erant
1302 2885 1385 2946 gens
1401 2865 1494 2929 nobi·

372 2976 503 3040 lissima
534 2977 571 3038 in
598 2975 745 3058 Iapydia.
771 3013 816 3020 —-
835 2995 982 3062 pauper,
1005 2979 1045 3042 of.
1070 2976 1177 3043 Strab.
1202 2977 1272 3044 VH.
1298 3002 1328 3063 p.
1355 2982 1429 3046 315.
1455 2981 1495 3044 de

372 3090 528 3174 Iapydia:
558 3090 658 3176 λυπρὰ
691 3091 726 3157 δὲ
758 3095 796 3155 τὰ
818 3095 920 3178 χωρία
947 3095 1002 3157 καὶ
1025 3096 1092 3176 (esi
1114 3097 1167 3158 καὶ
1189 3099 1311 3181 κέγχρῳ
1335 3097 1495 3160 τὰπολλὰ

372 3212 561 3295 τρεφόμενοι.
596 3245 641 3252 -
672 3207 710 3272 in
746 3208 851 3290 oreris,
875 3208 984 3272 'etism
1016 3208 1112 3291 Verg.
1139 3208 1197 3274 Ge.
1221 3209 1280 3274 ΙΠ.
1305 3213 1381 3275 475.
1406 3231 1494 3274 oom-

372 3331 552 3390 memorot:
567 3353 569 3356 ·
582 3325 733 3408 ‹uiopydis
757 3346 836 3390 arva
858 3325 1018 3390 Timavi».
1044 3362 1089 3369 -
1117 3322 1228 3390 Tanna
1244 3325 1360 3391 minas
1385 3324 1495 3411 Pyliae

374 3440 519 3507 miretur
549 3441 678 3506 sasala
709 3440 825 3526 sanna,
858 3441 897 3505 de
930 3442 1068 3506 Nestore
1092 3442 1131 3505 ot
1158 3461 1258 3521 supra
1281 3440 1356 3506 111111.
1382 3442 1424 3505 ed
1447 3463 1495 3505 vs.

374 3558 436 3622 50:
474 3555 572 3619 «dum
604 3562 701 3620 terna
732 3577 791 3638 per
824 3557 938 3620 orbem
972 3555 1099 3622 Saeoulo
1129 3556 1295 3620 fertilibus
1319 3557 1417 3621 Titan
1440 3558 1496 3621 de·

374 3676 519 3736 curreret
542 3672 666 3736 horis».
692 3709 736 3716 —-
765 3669 872 3756 Pyiioe
889 3724 895 3736 .
915 3724 921 3736 .
942 3724 947 3736 .
966 3673 1083 3759 sanna,
1106 3671 1308 3736 abstractum
1333 3694 1393 3755 pro
1417 3694 1494 3736 oon-

375 3792 483 3852 oreto:
517 3787 667 3852 Nestoris
700 3789 789 3854 olori.
824 3785 872 3853 Cf.
908 3789 1009 3852 etiem
1044 3787 1118 3852 adn.
1154 3809 1255 3869 supro
1287 3788 1329 3852 ed
1359 3809 1406 3853 vs.
1432 3790 1493 3853 48:

379 3903 526 3987 «Pylos».

419 4021 455 4086 V.
484 4021 690 4086 nne—117.
716 4023 879 4106 ternpore,
903 4043 941 4084 ex
964 4022 1156 4085 oonieoturo
1170 4021 1281 4086 Vossii
1293 4043 1301 4096 ;
1334 4021 1375 4085 oi.
1408 4022 1497 4083 infre

375 4137 450 4202 111111.
476 4139 546 4202 erit.
573 4137 615 4202 ed
637 4138 669 4202 h.
695 4139 716 4202 L
741 4173 785 4182 —
810 4132 954 4202 Centone
976 4136 1141 4223 seenrtdos
1166 4135 1264 4203 Titan
1283 4135 1496 4202 renovaverit

376 4271 499 4335 annae,
522 4253 754 4316 ooniunotivus
778 4254 1008 4328 concessivus3
1041 4254 1160 4335 iunge:
1181 4273 1269 4327 nom,
1295 4272 1495 4335 quamquam

376 4373 509 4432 eentum
546 4387 663 4444 annos,
700 4367 779 4432 dum
813 4389 913 4432 senex
944 4369 1049 4432 vitem
1075 4368 1213 4450 peragit,
1239 4367 1290 4430 sol
1313 4367 1494 4441 renovavit,

375 4487 490 4547 tomen
507 4487 565 4547 eto.
584 4502 627 4538 ’.-
649 4480 761 4564 Titan,
776 4484 816 4547 of.
834 4483 909 4547 adn.
935 4503 1036 4564 supra
1059 4481 1101 4545 ed
1124 4501 1170 4546 vs.
1196 4482 1257 4545 53:
1287 4479 1434 4545 «Titan».
1452 4515 1496 4524 -
