3834 5492
414 667 466 722 114
804 687 845 729 lu
864 686 977 730 rauna.
1000 682 1148 730 147-152.

413 869 516 936 nante
550 883 610 928 eoa
642 861 806 926 Tunditur
837 860 960 926 undae.
985 897 1030 904 —
1068 856 1210 943 Ultima,
1232 861 1269 923 in
1291 861 1421 924 ultimis
1445 859 1536 924 orbis

412 987 576 1046 terrarum
607 979 800 1061 regionibus
834 977 906 1041 sita.
941 1013 985 1020 ——
1011 975 1144 1041 marcas
1168 973 1307 1058 Plato,
1328 976 1365 1038 in
1390 980 1535 1039 extremo

414 1094 549 1162 Oriente
574 1094 668 1158 situs.
692 1093 833 1174 Nigrum
863 1091 1024 1156 Indorum
1047 1068 1194 1155 colcr'em
1216 1091 1347 1154 vieiniae
1372 1089 1452 1154 solie
1476 1090 1535 1153 tri·

413 1209 560 1282 buebant
584 1209 712 1291 antiqui
724 1231 731 1284 ;
758 1209 797 1273 cf.
824 1207 893 1272 Tib.
917 1207 973 1272 IV.
999 1209 1029 1287 l,
1057 1208 1204 1274 19—20:
1234 1208 1295 1272 «Et
1311 1226 1535 1290 quascumque

412 1325 509 1406 niger
530 1322 630 1387 rubro
654 1322 694 1386 de
717 1323 816 1386 litore
840 1343 979 1405 gemnas
1009 1322 1183 1386 Proximus
1200 1323 1270 1386 eois
1287 1322 1414 1402 colligit
1429 1319 1534 1384 Indus

413 1439 525 1522 aquis»
554 1441 587 1501 et
609 1437 651 1502 IL
678 1438 707 1513 3,
733 1439 883 1502 55—56:
914 1437 1071 1500 «comites
1095 1437 1189 1512 fusci,
1207 1457 1291 1520 quos
1306 1436 1405 1500 India
1419 1440 1533 1514 torret,

413 1554 500 1622 Solis
521 1557 553 1618 et
576 1553 719 1617 admotis
742 1551 849 1616 inficit
871 1553 960 1636 ignis
984 1552 1109 1634 equis».
1126 1589 1171 1596 —
1194 1549 1332 1617 Hebrus
1349 1603 1356 1616 .
1375 1604 1382 1616 .
1402 1604 1408 1616 .
1430 1548 1533 1617 Getas

411 1671 514 1758 cluat,
539 1668 630 1734 Getae
654 1669 724 1732 sive
747 1667 829 1732 Daci
852 1670 937 1732 teste
959 1667 1059 1731 Dion.
1084 1666 1174 1732 Cass.
1199 1667 1225 1731 L
1251 1669 1303 1732 ll.
1328 1689 1399 1732 non
1423 1670 1535 1733 solum

412 1789 448 1851 in
470 1785 582 1859 Dacia,
610 1782 668 1848 sed
690 1783 792 1846 etiam
820 1783 867 1845 cis
894 1783 1020 1846 Istrum
1042 1780 1240 1846 habitabant
1261 1803 1369 1865 usque
1393 1784 1436 1848 ad
1457 1785 1535 1848 Hae-

411 1921 514 1979 mum,
537 1873 627 1964 unde
650 1897 783 1961 Hebrus
808 1897 934 1972 oritur3
954 1898 994 1960 cf.
1019 1895 1115 1977 Verg.
1141 1894 1199 1961 Ge.
1224 1897 1277 1962 IV.
1295 1900 1379 1963 463:
1410 1900 1535 1982 “Atque

413 2016 504 2084 Getae
539 2019 638 2098 atque
671 2013 837 2088 Hebrus»,
872 2011 986 2076 Senes.
1021 2012 1119 2076 Herc.
1156 2010 1227 2077 Oet.
1264 2015 1366 2079 1044:
1408 2013 1535 2080 «Geton

411 2131 594 2196 Hebrum».
617 2166 662 2174 -
689 2127 897 2212 Tanaisque,
918 2127 1042 2192 fluvius
1065 2127 1165 2191 hodie
1180 2125 1261 2194 Doa
1276 2131 1472 2212 appellatus.
1490 2167 1536 2174 —

410 2246 594 2334 ,ltlayyaas²
626 2265 752 2308 nomen
786 2244 913 2326 populi,
950 2243 1039 2326 quod
1069 2245 1150 2308 alibi
1181 2265 1348 2327 nusquam
1372 2235 1534 2321 occurrit3

411 2365 606 2453 corruptum
638 2360 777 2425 videtur.
813 2359 1033 2424 Scribendum
1065 2363 1207 2427 fortasse
1239 2361 1413 2446 Masonsa,
1446 2361 1535 2445 quod

412 2477 542 2542 codices
566 2475 701 2559 quidam
725 2475 906 2541 deteriores
930 2476 1104 2553 exhibent;
1138 2498 1217 2540 nam
1244 2475 1387 2558 Mosyni‚
1413 2478 1533 2541 accolae

410 2594 511 2658 Ponti
533 2592 664 2669 Euxini,
690 2595 996 2655 commemorantur
1019 2591 1108 2674 apud
1130 2591 1219 2657 Curt.
1244 2593 1319 2657 Ruf.
1343 2592 1398 2657 VI.
1423 2595 1455 2671 4,
1483 2595 1532 2658 17.

412 2712 444 2773 et
474 2707 589 2791 Pomp.
621 2707 698 2772 Mel
732 2707 758 2772 I.
791 2709 839 2772 19.
864 2708 1054 2791 Hesychius
1078 2730 1103 2774 s,
1128 2731 1158 2774 v.
1183 2707 1347 2782 Μόσσυνες
1360 2695 1534 2792 ¹interpre-

412 2829 517 2888 tatur:
552 2823 645 2896 ἔθνος
678 2821 841 2888 Σκυθικόν.
876 2822 992 2887 Voluit
1024 2827 1165 2904 fortasse
1194 2831 1309 2894 auctor
1340 2827 1534 2909 Panegyrici

411 2941 475 3004 hoe
497 2941 635 3004 nomine
660 2938 800 3022 Scythae
825 2939 1011 3022 significare
1034 2943 1218 3006 universos.

454 3053 492 3120 V.
521 3055 704 3120 147—152.
729 3051 888 3121 Ooeaaas
909 3060 1018 3140 ponto
1041 3076 1112 3143 aaa
1135 3057 1282 3124 coctiacl
1306 3057 1434 3141 orbem,
1449 3061 1532 3123 vati-

411 3169 544 3233 cinatur
565 3168 760 3232 Messallam
784 3187 896 3253 usque
914 3171 955 3235 ad
972 3169 1142 3235 Oceanum
1158 3193 1275 3235 omnes
1290 3176 1408 3254 gentes
1425 3173 1532 3236 devic-

410 3290 531 3350 turum
565 3285 667 3350 Poeta
698 3286 850 3350 imitatur
872 3285 992 3352 catull
1018 3289 1070 3365 ed,
1097 3287 1159 3351 30:
1189 3285 1424 3370 «Oceanusque
1448 3290 1533 3352 mari

411 3377 520 3476 totum
543 3404 599 3484 qui
624 3403 836 3484 amplectitur
852 3403 999 3468 orbem».
1017 3440 1060 3447 —
1083 3403 1231 3468 tractatas
1247 3403 1406 3469 Romano
1423 3402 1533 3469 Marte

411 3514 618 3600 Britaaaua
637 3523 738 3599 poeta
761 3521 838 3582 ante
863 3519 978 3582 oculos
1002 3517 1158 3581 habuisse
1182 3518 1313 3582 videtur
1328 3519 1408 3582 Hor.
1426 3518 1530 3600 Epod

411 3635 441 3708 7,
475 3633 583 3696 7—8:
622 3633 789 3698 «Intaotus
822 3637 880 3699 aut
911 3634 1094 3699 Britannus
1126 3639 1164 3700 ut
1194 3635 1410 3699 descenderet
1433 3632 1532 3698 Sacra

410 3749 583 3811 catenatus
606 3747 691 3812 viae.
727 3748 883 3812 Britanni
905 3768 1012 3831 usque
1035 3749 1077 3812 ad
1099 3754 1251 3832 tempora
1274 3749 1405 3814 Claudii
1427 3750 1532 3831 impe-

410 3861 530 3934 ratoris
564 3861 662 3926 liberi
695 3866 892 3927 manserunt
924 3863 1003 3945 iugo
1037 3863 1199 3929 Romano.
1235 3902 1280 3909 —
1314 3865 1409 3951 iresca
1443 3870 1531 3930 vecto

410 3974 532 4042 maadi
550 3996 637 4061 pars
663 3977 774 4044 altera
792 3979 875 4062 sole,
898 3979 1004 4043 altera
1028 4001 1113 4044 zona
1135 3984 1321 4063 temperata
1336 3982 1368 4060 (i.
1388 4003 1414 4044 e.
1431 3980 1530 4043 meri·

411 4091 576 4171 dionalis).
600 4129 644 4136 -—
667 4091 763 4177 iresca
786 4096 900 4160 veclo.
921 4147 927 4160 .
946 4095 1029 4178 sole,
1053 4097 1105 4160 sol
1128 4098 1220 4160 enim
1243 4096 1331 4178 apud
1355 4096 1531 4178 antipodes

410 4212 542 4272 nostros
574 4209 663 4273 infra
694 4230 757 4273 nos
785 4211 918 4274 vehitur
944 4231 1063 4287 curru;
1087 4215 1127 4276 el.
1153 4233 1254 4295 supra
1276 4233 1323 4276 vs.
1349 4216 1410 4278 66:
1447 4211 1532 4276 «Seu

411 4342 510 4406 supra
533 4327 637 4389 terras
660 4324 805 4390 Phoebus
829 4346 889 4390 seu
906 4332 1053 4391 curreret
1069 4328 1176 4391 infra»
1196 4331 1230 4390 et
1246 4327 1322 4392 adn.
1340 4327 1383 4390 ad
1398 4329 1430 4390 h.
1448 4327 1469 4391 l
1487 4364 1532 4372 -

411 4438 504 4524 lasea
535 4443 639 4523 eccla,
674 4461 712 4506 ex
744 4461 819 4505 mea
835 4503 837 4506 ,
853 4443 1065 4518 coniectura;
1099 4444 1139 4507 of.
1171 4443 1261 4506 infra
1291 4443 1366 4506 adn.
1392 4444 1463 4507 crit.
1489 4443 1530 4507 ad
