3834 5492
714 693 757 736 ru
776 693 870 738 nucu.
890 692 985 737 nuno.
1005 692 1048 737 vs
1068 688 1184 737 asu—38.
1482 670 1512 722 8¹

395 872 545 950 demone,
580 873 712 935 revocat
746 868 924 933 maledicta
957 868 1001 940 in,
1028 867 1188 943 Neaemm,
1229 868 1306 949 quia
1344 866 1514 945 infidelem

395 988 544 1071 puellam
577 1006 688 1051 amare
720 1005 791 1050 non
815 984 933 1077 desiib3
963 982 1075 1047 locum
1098 982 1249 1045 imitatur
1274 980 1331 1047 Ov.
1350 982 1452 1057 ,Trisb
1477 985 1515 1052 V.

398 1107 448 1181 10,
474 1106 536 1169 51:
566 1101 671 1179 «Quid
694 1102 815 1183 loquor
830 1120 850 1163 a
866 1099 1028 1174 demens?
1050 1135 1094 1143 —
1126 1094 1223 1162 Venti
1239 1099 1423 1172 temerario
1437 1104 1525 1169 uoto·

319 1280 322 1285 .
395 1218 509 1285 Aeaco
541 1220 571 1285 et
604 1217 711 1283 cubes
735 1214 933 1293 diripienda
955 1215 1082 1302 terunt,
1105 1215 1145 1278 cf.
1171 1214 1259 1279 adn
1272 1216 1438 1297 supra'sd
1460 1216 1517 1288 IV,

397 1338 459 1401 96:
488 1336 549 1400 «Et
570 1336 684 1399 iubeat
707 1333 837 1416 tepidos
860 1334 956 1397 irrita
979 1334 1064 1397 ferre
1080 1336 1212 1397 notos».
1233 1332 1422 1416 Lygdamus
1439 1336 1524 1397 anbe-

398 1453 513 1516 oculos
536 1452 654 1515 habuit
677 1448 798 1514 catull.
824 1451 876 1526 30,
901 1450 1030 1515 9-102
1067 1453 1144 1512 «buu
1160 1449 1255 1513 vdicia
1279 1450 1393 1514 omnia
1416 1450 1524 1514 saeba-1

398 1588 461 1650 que
492 1567 618 1632 Ventos
650 1566 746 1629 irrita
777 1566 862 1629 ferre
895 1581 932 1628 ac
955 1564 1095 1629 nebulas
1120 1565 1227 1629 aerias
1251 1566 1352 1629 sinis»
1381 1568 1414 1630 eb
1434 1564 1514 1632 ibid.

399 1686 452 1761 sd,
486 1684 569 1747 lca:
606 1683 704 1761 «Quae
737 1685 856 1745 cuncte
879 1682 959 1745 aerii
988 1680 1180 1763 discerpunt
1204 1682 1298 1745 irrita
1320 1682 1449 1746 vendin
1468 1680 1519 1745 Ad

398 1799 600 1862 sententiam
633 1797 672 1860 cf.
709 1796 778 1860 Tib.
813 1795 840 1859 L
876 1798 907 1873 5,
944 1796 1094 1861 35-36:
1135 1817 1317 1880 «eurusque
1351 1803 1518 1880 notusque

398 1916 504 1979 Iaebab
527 1914 683 1978 odoratos
705 1916 785 1977 vobo
806 1932 867 1994 per
889 1911 1145 1975 Armeniosueb
1169 1912 1226 1977 Ov.
1251 1914 1324 1977 Am.
1348 1914 1390 1978 Π.
1409 1916 1439 1991 6,
1455 1916 1518 1979 44:

403 2021 507 2109 «vota
529 2030 715 2112 procelloso
739 2048 798 2111 per
820 2048 912 2091 mare
935 2031 1033 2109 rapba
1055 2032 1170 2091 noto».
1190 2065 1235 2072 —
1256 2031 1345 2104 uoto,
1371 2028 1519 2095 devotio-

399 2166 470 2223 nes,
494 2145 584 2222 dirae,
608 2149 647 2208 ut
670 2144 740 2209 Tib.
764 2143 807 2208 II.
833 2145 863 2219 6,
889 2144 1042 2208 53-542
1071 2143 1180 2207 «Tunc
1203 2144 1273 2220 bibi,
1298 2144 1385 2222 lena,
1401 2165 1520 2227 precor

399 2259 517 2326 diruo:
553 2244 635 2326 sabis
663 2261 762 2325 anxia
783 2261 886 2338 vives,
908 2259 1053 2326 Moverit
1077 2280 1093 2322 e
1118 2258 1204 2324 uobis
1227 2279 1305 2343 pars
1328 2266 1520 2342 quotacum-

400 2396 463 2459 que
488 2376 600 2440 deos».
630 2414 675 2420 -
708 2374 821 2441 Aeriae
844 2381 874 2444 cb
897 2375 1018 2456 roobec,
1041 2379 1079 2439 ub
1102 2379 1180 2439 vota
1204 2376 1346 2445 sublimo
1370 2379 1522 2443 ferantur

399 2494 436 2555 in
460 2512 545 2557 aera.
1297 2572 1301 2585 ,

444 2605 482 2673 V.
508 2608 649 2673 aea-32.
688 2606 853 2687 Quamuis
876 2608 977 2673 ceolla
1001 2607 1068 2673 oeci
1092 2610 1243 2693 superest
1275 2608 1337 2673 tibi
1360 2627 1454 2687 curo,
1479 2611 1520 2673 cf.

401 2744 502 2805 supra
524 2724 551 2787 Ι.
579 2726 727 2789 19-202
757 2724 838 2789 «IHa
860 2725 946 2789 mihi
969 2725 1099 2805 referet,
1125 2724 1154 2787 si
1177 2725 1285 2788 nostri
1301 2729 1420 2788 mutua
1442 2744 1521 2789 eura

401 2844 460 2917 est,
485 2840 538 2903 An
560 2841 673 2905 minor
695 2862 739 2905 an
762 2845 834 2919 bobo
857 2846 992 2923 pectore
1016 2841 1227 2906 deciderim».
1252 2842 1347 2907 Nunc
1371 2841 1438 2906 iam
1458 2841 1520 2905 scii

400 2959 501 3037 poeto
533 2976 568 3019 se
601 2960 711 3020 bobum
744 2977 783 3021 ex
815 2958 928 3021 animo
961 2958 1081 3040 puelle
1109 2958 1278 3023 excidisse.
1302 2995 1347 3002 -
1371 2955 1522 3023 candida

400 3069 486 3155 sobo,
521 3072 640 3148 felicia,
674 3077 713 3135 ub
745 3072 813 3137 Tib.
838 3073 864 3135 Ι.
889 3075 919 3148 7,
945 3074 997 3137 64.
1024 3074 1063 3137 de
1088 3072 1140 3137 die
1164 3074 1289 3138 natali:
1323 3072 1522 3139 «Candidior
1611 3070 1619 3085 '

402 3206 532 3269 semper
556 3188 792 3271 candidiorque
808 3189 917 3253 veni».
935 3226 980 3232 -
996 3208 1123 3255 securo}
1140 3238 1147 3255 .
1164 3238 1172 3253 .
1192 3238 1199 3253 .
1216 3208 1351 3268 measse,
1368 3190 1520 3254 convivio

401 3302 512 3380 hilari,
536 3303 625 3367 unde
649 3324 734 3368 curae
759 3305 891 3369 absunt.
918 3342 964 3349 ——
995 3302 1179 3371 reddamus
1199 3308 1352 3390 temporo
1383 3322 1522 3386 umnam,
1635 3374 1636 3377 ,

401 3418 423 3480 i.
441 3439 468 3482 e.
486 3419 722 3483 obliviscamur
736 3421 859 3486 Neaerae
876 3425 909 3485 ei
923 3420 1098 3485 redeamus
1111 3420 1152 3484 ad
1171 3421 1466 3503 compotationem.
1478 3456 1522 3463 -

398 3535 478 3615 post
499 3534 637 3613 multos,
663 3557 707 3602 sc.
731 3558 802 3602 non
826 3558 972 3615 serenos,
998 3543 1143 3602 maeseos.

446 3645 484 3710 V.
511 3649 651 3715 33—38.
677 3650 811 3718 imitari
833 3652 964 3739 quadiu
986 3653 1092 3739 falsa,
1116 3654 1238 3735 gaudia
1262 3655 1418 3719 simulare
1447 3654 1522 3717 imi·

401 3762 515 3833 tando.
548 3801 593 3808 -
626 3766 717 3831 raus
747 3768 973 3853 componitur,
1006 3770 1193 3849 simulatur,
1220 3769 1366 3852 fingitur,
1391 3774 1429 3833 ub
1452 3768 1521 3833 Tib.

362 3908 368 3917 ’
401 3877 520 3961 (Sulp.)
542 3880 597 3946 IV.
616 3884 644 3958 7,
664 3884 703 3945 9:
733 3884 862 3949 «nulius
878 3904 1077 3968 componere
1094 3887 1191 3949 famae
1207 3885 1334 3950 Taedae»
1356 3888 1388 3950 eb
1408 3884 1521 3949 Sene'c.

403 3993 537 4060 Consul.
573 3999 616 4061 ad
649 3996 747 4062 Helv.
785 4002 845 4066 16:
885 4022 963 4084 «per
1000 4004 1113 4084 ipsum
1147 4007 1261 4067 tamen
1300 4003 1522 4085 compositum

402 4109 582 4195 fictumque
605 4114 736 4179 vultum
759 4116 905 4179 lacrimae
927 4118 1208 4199 profunduntur».
1227 4155 1271 4162 —-
1295 4117 1390 4183 ebrio
1411 4116 1523 4199 storbo,

403 4230 424 4292 i.
451 4249 480 4293 e.
503 4228 635 4309 hilaria,
660 4232 813 4295 convivio
837 4232 947 4314 digna.
965 4269 1009 4277 -
1031 4229 1112 4297 Odit
1128 4231 1274 4300 Leooeus
1290 4232 1404 4299 tristia
1420 4231 1524 4299 uerbo

398 4347 512 4429 poter,
537 4348 577 4411 cf.
594 4346 664 4411 Tib.
680 4347 707 4416 Ι.
725 4349 756 4426 7,
773 4350 915 4414 43—44.
933 4349 975 4412 ad
992 4348 1166 4427 Osiridem,
1184 4371 1282 4433 quem
1299 4371 1374 4414 cum
1393 4350 1523 4413 Baccho

404 4460 512 4525 Graeci
547 4463 817 4527 confundebant:
858 4465 950 4528 «Non
986 4465 1047 4529 tibi
1083 4471 1161 4529 suni
1195 4468 1307 4531 ‘cristes
1343 4486 1427 4529 curae
1462 4485 1524 4530 nec

456 4604 588 4655 Ne'merby:
602 4606 721 4657 Lyodami
731 4607 855 4649 carmina.
1400 4590 1416 4639 6
