3834 5492
684 698 725 741 sn
744 697 838 740 mon.
860 697 953 742 unus.
974 698 1015 742 ιν.
1036 694 1068 741 oe
1086 695 1152 743 -m
1451 682 1487 735 65

365 877 505 959 plexque
528 894 648 937 manus
672 873 714 936 ed
737 874 837 936 litore
859 872 998 937 tendito.
1024 910 1067 915 —
1098 869 1216 938 Saeous
1241 872 1349 940 Ainos
1372 874 1485 943 docuit

365 990 497 1057 validos
521 993 684 1074 temptate
709 989 856 1072 labores,
878 992 980 1072 poete
1003 994 1080 1051 ente
1100 990 1214 1053 oeulos
1230 990 1348 1055 habuit
1363 992 1485 1057 Tibulli

364 1108 465 1182 locos,
499 1106 557 1169 ubi
588 1106 647 1169 ille
680 1111 850 1170 ementem
881 1126 943 1188 pro
977 1105 1089 1186 puello
1116 1106 1330 1187 gravissimos
1354 1106 1484 1175 labores

366 1228 597 1304 suscepturum
622 1242 694 1286 esse
718 1222 814 1296 dioit;
837 1224 877 1287 of.
903 1222 972 1287 Tib.
997 1222 1024 1294 I.
1040 1224 1069 1300 l,
1088 1224 1150 1286 47:
1180 1224 1265 1287 «Neo
1280 1228 1312 1288 te
1328 1227 1487 1307 paeniteet

366 1336 465 1399 duros
490 1337 631 1401 subiisse
654 1337 804 1401 labores»
833 1340 866 1400 et
888 1337 930 1401 IL
957 1340 986 1413 3,
1012 1340 1118 1401 5-6:
1148 1336 1193 1401 «Ο
1219 1359 1287 1420 ego,
1306 1360 1381 1403 oum
1398 1344 1485 1425 espi-

365 1474 473 1516 eerem
491 1454 671 1529 dominam,
690 1474 790 1535 quam
806 1455 937 1518 sortiter
953 1456 1023 1519 illio
1038 1455 1213 1520 Verserem
1230 1455 1344 1523 valido
1360 1459 1484 1541 pingue

364 1567 499 1631 bidente
523 1569 663 1645 solum»,
693 1568 782 1632 unde
805 1568 995 1651 Lygdamus
1021 1572 1193 1654 epitheton
1215 1570 1349 1637 validos
1372 1594 1484 1657 sump-

365 1684 409 1747 sit
443 1687 476 1746 et
510 1685 695 1747 insolenter
724 1684 833 1748 iunxit
865 1705 939 1748 oum
975 1684 1116 1751 labores.
1153 1724 1197 1731 —-
1229 1684 1348 1753 Saevus
1377 1685 1485 1753 Amor

365 1797 490 1881 desilit,
514 1800 630 1863 eedem
653 1802 753 1865 verbu
776 1795 874 1865 initio
899 1802 1082 1865 hexametri
1105 1802 1200 1885 Verg.
1225 1802 1294 1867 Eol.
1320 1804 1349 1879 8,
1370 1805 1422 1869 47.
1441 1842 1485 1848 —

364 1913 505 1980 uerbera
533 1934 637 2001 posse
669 1915 754 2000 pati,
784 1917 866 1980 dixit
899 1918 990 1981 enim
1023 1918 1173 1983 Tibullus
1198 1938 1233 1982 se
1263 1939 1324 2001 pro
1349 1920 1485 1985 domina

363 2036 517 2113 peratum
551 2054 623 2097 esse
657 2034 790 2097 servilio
823 2034 988 2116 supplicia
1019 2034 1162 2097 tolerare
1175 2056 1184 2109 ;
1218 2035 1257 2098 of.
1292 2034 1359 2100 Tib.
1394 2036 1419 2100 Ι,
1453 2038 1484 2113 6,

366 2148 514 2212 37-38;
554 2149 615 2212 «At
641 2149 725 2212 mihi
748 2149 948 2214 servendum
972 2149 1086 2213 eredas
1110 2152 1165 2228 (se.
1191 2149 1390 2229 dominem):
1416 2172 1485 2215 non

366 2283 452 2326 saeve
475 2283 591 2327 reeuso
619 2264 781 2329 Verbera»
819 2268 853 2327 et
884 2264 925 2329 Π.
962 2266 990 2341 3,
1026 2264 1176 2328 79-80;
1217 2264 1276 2327 «ed
1307 2266 1485 2347 imperium

366 2378 508 2441 dominae
533 2379 734 2444 sulcabimus
770 2401 885 2461 egros:
919 2380 996 2444 Non
1020 2381 1080 2461 ego
1111 2400 1164 2443 me
1196 2380 1315 2445 vinclis
1344 2383 1485 2447 verberi-

366 2495 491 2576 busque
515 2515 633 2577 negoo.
658 2534 702 2540 -
734 2496 787 2562 Me
811 2496 987 2583 quondam
1010 2494 1160 2578 Admeti,
1182 2501 1281 2579 poete
1305 2501 1383 2561 ente
1408 2519 1484 2563 oeu-

364 2612 417 2675 los
440 2613 557 2676 habuit
579 2612 648 2677 Tib.
676 2614 718 2677 ΙΙ.
754 2616 784 2689 3,
821 2616 870 2679 11.
906 2634 985 2697 sqq.‚
1020 2612 1078 2676 ubi
1103 2614 1211 2694 egitur
1242 2612 1282 2676 de
1314 2613 1481 2695 Apolline,

365 2726 421 2809 qui
445 2726 587 2791 ‘Admeti
619 2748 731 2791 umore
764 2732 880 2811 ceptus
915 2727 1089 2791 servitium
1125 2727 1236 2790 subiit.
1268 2764 1312 2770 —
1347 2724 1484 2793 Admeti

363 2840 480 2906 itioeos
497 2842 634 2925 pavisse
657 2841 827 2918 iuuencae,
851 2846 889 2905 ut
913 2840 970 2907 Ον.
995 2842 1032 2906 Α.
1049 2842 1087 2905 Α.
1103 2842 1145 2906 Il
1164 2842 1359 2906 ses—mo:
1381 2840 1484 2925 «Cyn-

363 2958 456 3022 thius
490 2959 622 3023 Admeti
656 2979 777 3025 doeens
800 2960 930 3041 pavisse
954 2958 1082 3021 Pheraei
1105 2958 1265 3033 Festum
1293 2958 1391 3021 aliter
1413 2956 1482 3022 Tib.

363 3070 405 3138 IL
432 3076 461 3151 3,
490 3076 548 3138 11:
578 3074 698 3158 «Fovit
713 3079 747 3138 et
768 3073 901 3137 Admeti
926 3077 1046 3139 tauros
1070 3074 1238 3136 formosus
1261 3071 1414 3154 Apollo».
1439 3110 1484 3115 —

363 3188 401 3254 in
423 3208 553 3254 voltum
575 3188 698 3275 fabule
720 3191 800 3275 ficto
822 3189 947 3269 iocum,
972 3190 1050 3271 quie
1073 3189 1243 3253 ridebatur
1269 3208 1289 3250 o
1315 3188 1482 3270 plerisque

363 3304 427 3367 isto
451 3306 601 3385 tempore
625 3303 707 3367 deus
729 3308 866 3387 propter
889 3324 1037 3367 umorem
1062 3304 1229 3379 serviens3
1255 3304 1354 3384 poete
1370 3321 1480 3384 respe-

363 3420 410 3483 xit
433 3419 501 3484 Tib.
526 3420 569 3483 H.
595 3422 623 3495 3,
650 3421 801 3484 31-322
829 3419 976 3483 «Fabula
997 3438 1089 3483 nuno
1112 3419 1169 3481 ille
1195 3422 1245 3481 est
1259 3418 1314 3496 (so.
1331 3417 1481 3500 Apollo):

365 3536 422 3598 sed
446 3536 499 3598 oui
524 3556 583 3599 sue
607 3556 686 3599 oure
708 3536 823 3617 puelle
848 3539 907 3612 est,
932 3534 1061 3598 Fabula
1085 3535 1128 3598 sit
1150 3531 1279 3597 mavult
1294 3552 1394 3614 quem
1410 3533 1482 3596 sine

363 3670 476 3714 umore
499 3650 614 3716 deus».
837 3716 840 3719 ,

407 3766 444 3831 V.
479 3768 622 3831 (se-72.
657 3763 815 3832 cithera.
833 3814 842 3831 .
858 3814 867 3831 .
885 3783 1023 3841 sonore,
1059 3764 1241 3846 opponitur
1271 3763 1365 3826 tenui
1399 3782 1483 3827 sono

364 3902 479 3949 ovenae
501 3886 559 3963 (νε.
586 3884 668 3962 71.);
694 3884 733 3946 of.
759 3882 829 3947 Tib.
852 3882 895 3947 Π.
928 3884 958 3959 3,
995 3882 1044 3945 lh.
1079 3879 1118 3943 do
1150 3878 1307 3961 Apolline
1341 3877 1483 3942 Admeto

363 3999 546 4063 serviente:
587 3998 671 4062 «Neo
693 3998 829 4061 eitherae
852 3998 995 4060 intonsae
1019 3995 1255 4077 profueruntve
1280 4005 1414 4057 oomael.
1438 4031 1484 4037 -

363 4111 432 4179 Neo
456 4112 587 4180 similes
612 4111 750 4180 chordis
769 4111 910 4179 reddere
931 4131 1009 4177 voce
1034 4130 1146 4191 sonos,
1170 4130 1289 4175 uenere
1314 4110 1355 4173 ad
1378 4110 1483 4173 eithe-

363 4248 435 4292 rem
459 4232 545 4311 epte.
578 4266 623 4273 -—
654 4246 741 4306 voce,
775 4248 819 4293 so.
844 4247 924 4292 vooe
949 4228 1026 4303 oris,
1050 4230 1089 4289 ut
1108 4246 1208 4308 supro
1230 4244 1277 4289 vs.
1302 4225 1363 4289 41:
1400 4223 1484 4289 «Sed

363 4349 541 4426 postquam
557 4346 690 4409 fuerent
705 4344 802 4427 digiti
817 4364 894 4407 eum
909 4363 989 4408 vooe
1005 4344 1140 4407 locuti».
1159 4379 1201 4385 -
1214 4338 1405 4425 perlucenti
1422 4368 1432 4405 .“
1448 4391 1455 4405 .
1474 4390 1482 4405 .

364 4479 484 4539 onena,
519 4460 540 4524 i.
574 4482 601 4525 e.
636 4462 662 4523 ii
715 4461 834 4538 tenui,v
850 4465 888 4523 ut
910 4460 1019 4523 luoem
1046 4458 1272 4533 transmittot3
1307 4458 1407 4538 poeta
1422 4476 1482 4519 ex·

417 4601 535 4653 Ne'methy
542 4613 551 4643 .·
564 4602 682 4654 Lypdami
692 4603 815 4644 carmina.
1359 4579 1376 4629 5
