3834 5492
425 674 461 726 44
761 694 804 738 an
823 692 918 737 uren.
937 692 1032 737 uano.
1052 692 1086 737 11.
1107 686 1224 737 27-30.

427 890 554 936 morem
579 870 730 953 sepulcro
755 869 871 954 Scalpe
896 871 1099 954 querelam».
1123 907 1167 914 —
1198 866 1366 953 componi,
1391 870 1546 952 sepeliri;

428 986 583 1069 componi
617 986 708 1049 enim
740 985 936 1050 dicebantur
967 985 1110 1067 proprie,
1144 1004 1286 1066 quorum
1310 1004 1385 1048 ossa
1409 985 1549 1048 collecta

428 1106 462 1165 et
492 1102 529 1165 in
561 1121 647 1164 urna
679 1101 864 1183 composita
896 1101 1125 1165 condebantur
1158 1102 1193 1165 in
1217 1084 1388 1182 sepulcro}
1423 1099 1547 1165 olor.

428 1214 518 1281 Fast.
552 1217 610 1280 HL
645 1216 840 1281 545—547:
873 1216 977 1280 «Dido
995 1266 1003 1281 .
1020 1267 1028 1281 .
1048 1218 1207 1281 .·Arserat
1230 1218 1404 1281 exstructis
1427 1218 1464 1279 in
1488 1236 1548 1280 sua

430 1334 500 1397 iata
530 1335 621 1416 rogis
652 1333 928 1419 compositusque
962 1335 1063 1398 cinis»
1102 1336 1134 1397 et
1166 1333 1204 1397 V.
1237 1332 1434 1398 tae-tae:
1478 1354 1547 1395 «ex-

429 1450 551 1513 stincto
575 1450 679 1513 cineri
703 1470 764 1513 sua
787 1450 874 1513 dona
897 1448 1049 1512 ferebant
1064 1447 1314 1531 compositique
1331 1468 1435 1531 nepos
1452 1449 1548 1511 busta

429 1564 543 1646 piabat
567 1565 651 1628 avi».

474 1680 511 1745 V.
537 1682 678 1747 27-30.
703 1678 770 1747 Sed
794 1680 926 1746 tristem
949 1678 1070 1747 mortis
1094 1676 1300 1746 demonstret
1327 1679 1441 1745 littera
1464 1699 1548 1746 ocu-

432 1816 519 1878 sum,
542 1817 643 1860 causa
665 1797 781 1860 mortis
804 1798 904 1879 vulgo
927 1795 1173 1860 inscribebatur
1206 1796 1367 1879 sepulcris
1378 1818 1387 1872 ;
1420 1796 1548 1877 Lygda-

430 1932 506 1977 mus
539 1916 615 1977 ante
649 1912 762 1978 oculos
795 1914 912 1978 habuit
944 1912 1013 1977 Tib.
1047 1912 1073 1976 I.
1108 1912 1138 1990 3,
1172 1913 1324 1977 54-56:
1356 1912 1439 1976 «Fac
1463 1913 1550 1994 lapis

431 2030 601 2112 inscriptis
633 2033 699 2094 stet
731 2051 830 2113 super
861 2050 937 2094 ossa
972 2030 1080 2093 notis:
1113 2028 1178 2092 Hic
1210 2029 1295 2092 iacet
1327 2029 1448 2092 immiti
1472 2049 1549 2092 oon·

432 2146 584 2229 sumptus
607 2150 714 2210 morte
737 2145 896 2221 Tibullus,
920 2143 1115 2209 Messallam
1137 2148 1226 2208 terra
1243 2144 1322 2208 dnm
1338 2145 1551 2226 sequiturque

432 2260 549 2324 mari».
581 2260 790 2343 Lygdamum
822 2262 966 2344 respexit
998 2262 1145 2325 incertus
1181 2264 1294 2325 auctor
1329 2258 1452 2325 Culicis
1474 2262 1549 2342 (vss.

432 2377 650 2457 tlt—tlt.):
688 2381 778 2441 «tum
810 2379 919 2442 fronte
951 2378 1081 2442 locatur
1112 2377 1277 2459 Elegium
1306 2377 1408 2441 tacita
1430 2378 1552 2441 format

436 2490 524 2574 quod
546 2491 658 2555 littera
681 2512 792 2557 vocer.
826 2527 870 2535 —
902 2492 1028 2573 littero,
1052 2492 1236 2575 inscriptio,
1261 2496 1299 2555 ut
1322 2512 1424 2574 supra
1446 2491 1471 2555 Ι.
1502 2490 1551 2554 lt.

436 2612 468 2669 et
492 2605 615 2672 Culicis
638 2608 659 2671 l.
684 2608 706 2673 l.
739 2645 784 2652 —
815 2607 852 2672 in
879 2606 1004 2673 celebri
1026 2607 1149 2694 fronte,
1172 2608 1210 2671 in
1234 2608 1342 2672 fronte
1366 2606 1509 2689 sepulcri
1533 2624 1552 2668 a

434 2723 550 2786 multis
584 2724 795 2806 frequentati.
828 2722 987 2806 Sepulcra
1020 2724 1109 2787 enim
1133 2724 1347 2805 antiquorum
1371 2724 1435 2788 sita
1459 2725 1554 2786 erant

436 2837 630 2920 plerumque
653 2859 756 2922 prope
778 2840 868 2904 viam
890 2840 1068 2923 publicam
1105 2838 1316 2905 Contrarium
1340 2842 1434 2921 optat
1456 2837 1553 2920 Prop.

435 2952 495 3016 III.
530 2954 580 3031 16,
615 2956 676 3019 25:
716 2954 776 3018 «Di
810 2956 943 3031 faciant,
977 2977 1054 3019 mea
1085 2975 1127 3019 nc
1160 2959 1248 3019 terra
1280 2957 1367 3020 locet
1390 2974 1467 3019 ossa
1491 2955 1553 3016 fre·

437 3070 561 3152 quenti,
597 3069 671 3149 Qua
702 3072 781 3135 facit
805 3072 939 3136 assiduo
963 3072 1097 3136 tramite
1121 3072 1239 3153 vulgus
1263 3074 1356 3137 iter».
1381 3108 1426 3116 —
1452 3073 1554 3149 notat,

437 3185 554 3266 signet,
588 3185 765 3262 inscribat;
801 3188 842 3251 of.
878 3186 937 3253 Ov.
969 3188 1043 3252 Am.
1072 3187 1099 3253 Ι.
1131 3186 1162 3264 d,
1198 3188 1259 3253 20:
1298 3188 1415 3251 «verba
1438 3190 1555 3251 notata

436 3318 559 3363 mero».
592 3300 704 3365 Etiam
735 3301 825 3367 licto
856 3323 943 3386 saepe
972 3302 1162 3387 significant
1193 3304 1331 3379 litteras,
1365 3308 1403 3367 ut
1434 3302 1503 3365 Tib.
1527 3301 1552 3375 I,

440 3414 469 3490 3,
494 3416 556 3479 54:
585 3416 689 3497 «lapis
712 3417 956 3500 inscriptis...
976 3419 1098 3482 notis».
1123 3455 1168 3462 —
1192 3416 1291 3483 dolor
1315 3416 1446 3483 balcet
1470 3435 1555 3481 cure

438 3526 580 3612 Neoeroe,
603 3530 645 3593 ad
668 3530 806 3611 genitivi
830 3532 984 3597 obiectivi
1007 3552 1105 3597 usum
1129 3534 1169 3597 cf.
1193 3532 1276 3597 Hor.
1308 3531 1412 3613 Epod.
1437 3534 1467 3609 9,
1494 3529 1555 3595 37:

443 3643 581 3708 «Curam
605 3649 796 3729 metumque
821 3646 959 3713 Caesuris
975 3670 1119 3713 rerum».
1136 3684 1180 3694 —
1196 3668 1303 3715 causo
1314 3648 1437 3734 perire,
1455 3666 1555 3711 eausa

438 3760 617 3842 pereundi3
641 3762 842 3827 insolentior
863 3762 1022 3829 infinitivi
1044 3784 1126 3829 usus
1150 3764 1192 3829 ad
1216 3767 1402 3849 exemplum
1427 3763 1554 3828 Graeoo·

436 3896 522 3940 rum.
555 3876 605 3941 Ol.
636 3878 731 3959 Verg.
755 3879 836 3943 Aen.
861 3879 902 3943 X.
926 3882 989 3944 90:
1026 3880 1124 3959 «Ques
1148 3900 1249 3944 causa
1272 3880 1335 3944 fuit
1359 3898 1553 3959 consurgere

438 3991 475 4054 in
497 4012 590 4056 arma
613 3993 846 4077 Europamque
870 3996 1085 4079 Asiamque».
