3834 5492
260 2025 263 2034 2
371 1990 658 2083 vessera-327:

744 657 786 701 An
805 653 897 700 VERG.
918 653 988 698 EOL.
1009 653 1050 697 lv.
1072 651 1113 697 47,
1431 628 1494 680 ’469

369 833 572 922 dispensaret
590 828 802 919 cpuccrditcr
813 828 901 915 fata,
915 827 1027 892 Parce
1044 833 1133 904 sunt,
1150 827 1273 891 utiam
1289 826 1366 904 dixi,
1382 827 1495 909 ipsum

370 954 476 1016 fatum
491 949 666 1029 ideamqnc
681 947 790 1028 ipsam
815 965 835 1008 a
858 942 1149 1026 personificationc
1165 942 1370 1026 distinguere
1386 941 1494 1024 philo·

369 1067 552 1150 sophorum
574 1054 698 1127 munus
722 1066 781 1138 est,
807 1081 876 1125 non
900 1064 1087 1142 poetarum.
1105 1058 1206 1137 Adde,
1224 1058 1312 1141 quod
1327 1057 1493 1141 Vergilius

368 1204 417 1259 vs.
449 1184 515 1259 46,
549 1180 608 1246 ubi
640 1181 885 1256 commemorat,
912 1175 1022 1262 susos,
1051 1175 1172 1240 Parcas
1206 1173 1336 1239 inducit
1359 1175 1497 1252 nereum

369 1319 447 1382 ergo
480 1318 539 1368 cur
569 1273 640 1359 non
671 1267 815 1359 absolsit
848 1267 1045 1374 imaginem.
1063 1291 1231 1373 poeticam
1262 1310 1309 1360 vs.
1340 1268 1494 1367 ,47.,'ub1

369 1434 463 1482 more
486 1417 673 1478 ceterorum
696 1412 872 1492 poetarum
895 1428 1032 1492 pergere
1056 1406 1196 1492 debebat
1217 1408 1256 1472 in
1279 1406 1496 1476 describenda

369 1499 474 1600 nendi
498 1528 659 1594 actione?
730 1561 733 1568 ·
783 1583 785 1588 .

414 1642 581 1726 Vergilius
604 1642 667 1705 hoc
690 1640 773 1714 loco,
799 1614 837 1702 ut
860 1638 929 1702 iam
952 1635 1142 1702 Macrobius
1166 1637 1260 1715 vidit,
1278 1641 1355 1704 ante
1380 1639 1494 1704 oculos

372 1757 517 1826 habebat
540 1731 794 1822 celeberrimum
818 1751 943 1829 Catulli
966 1752 1116 1836 epyllion
1140 1752 1180 1816 de
1204 1753 1338 1836 nuptiis
1355 1753 1447 1818 Pelei
1463 1760 1496 1817 et

371 1873 521 1940 Thetidis
552 1875 665 1952 (carm.
698 1868 834 1948 LXIV.),
868 1868 926 1966 ubi
949 1869 1059 1962 Parcae
1084 1870 1154 1947 haec
1178 1868 1293 1934 dicunt
1316 1870 1400 1934 fusis
1425 1871 1494 1934 suis

814 2043 874 2106 Sed
894 2065 958 2116 vos,
982 2024 1049 2122 qnae
1070 2045 1135 2104 fata
1155 2048 1334 2122 sequnntur,

534 2156 655 2217 Currite
677 2153 825 2214 ducentes
846 2154 1056 2255 subtegmina,
1078 2154 1202 2256 currite,
1224 2153 1293 2215 fusi.
1419 2191 1421 2194 >

416 2351 489 2417 Hoc
513 2359 580 2417 est:
611 2323 805 2430 «Vastusi,
831 2353 953 2417 currite
978 2330 1011 2416 et
1034 2351 1144 2416 ducite
1169 2351 1388 2433 subtegmina,
1423 2372 1495 2434 quae

372 2475 559 2553 sequuntur
593 2469 692 2532 fata».
730 2467 862 2533 Catullo
897 2467 1001 2550 igitur
1035 2471 1169 2530 auctore
1204 2468 1311 2550 fatum
1346 2467 1497 2551 sequitur

372 2584 584 2668 subtegmina
606 2585 785 2674 Parcarum
809 2588 843 2647 et
867 2602 982 2647 cursus
1007 2582 1256 2666 subtegminum
1280 2582 1364 2649 fusis
1380 2581 1496 2647 ducto-

372 2717 447 2766 rum
471 2697 637 2782 significat
658 2699 771 2781 ipsum
795 2699 911 2762 satum.
941 2695 943 2698 ’
1103 2698 1105 2702 ’
1149 2696 1152 2700 ’

373 2831 377 2840 ’
417 2813 482 2880 Sed
505 2813 671 2898 quomodo
697 2813 854 2877 describit
878 2812 1031 2878 Catullus
1054 2814 1202 2879 carmine
1226 2834 1327 2897 supra
1358 2815 1495 2881 laudato

371 2929 462 3012 ipsas
485 2929 634 2993 Parcas?
656 2927 790 2992 Inducit
815 2948 870 3006 eas
895 2919 1024 3005 nentes,
1060 2928 1210 2994 sednon
1234 2929 1351 2995 tribuit
1375 2931 1433 3007 eis,
1457 2937 1496 2994 ut

242 3124 245 3128 p
373 3064 460 3127 saepe
493 3045 552 3109 alii
586 3050 693 3132 poetae
728 3047 887 3121 fecerunt,
923 3045 1054 3110 diversa
1088 3045 1216 3112 officia:
1253 3067 1370 3134 omnes
1405 3047 1496 3111 enim

371 3159 482 3225 Parcae
522 3152 610 3244 apud
649 3149 819 3227 Catullum
852 3161 969 3228 eodem
1001 3165 1188 3245 funguntur·
1223 3150 1341 3238 officie,
1378 3182 1496 3227 omnes

372 3276 498 3358 pariter
520 3282 604 3341 nent
616 3277 774 3383 ¹stamina
798 3280 952 3355 fatorum,
978 3283 1096 3343 utvss.
1116 3278 1494 3344 305*317.docemu1·:

533 3463 610 3524 Cum
632 3465 752 3525 interea
770 3465 1093 3550 infirmequatientes
1115 3468 1350 3552 corporapmotn

532 3573 694 3633 Veridicos
714 3574 819 3635 Parcae
840 3578 1001 3652 coeperunt
1022 3573 1111 3634 edere
1133 3576 1250 3634 cantus.

533 3678 590 3738 Hie
612 3697 723 3756 corpus
744 3669 911 3740 tremulum
932 3681 1142 3764 complectens
1163 3681 1300 3762 undique
1322 3681 1416 3740 vestis

534 3783 674 3844 Candida
694 3779 850 3862 purpurea
871 3775 950 3847 talos
971 3779 1149 3846 incinxerat
1169 3805 1232 3857 ora,

534 3889 574 3952 At
595 3911 683 3953 roseo
705 3895 804 3954 niveae
826 3892 1006 3954 residebant
1026 3893 1139 3953 vertice
1160 3895 1255 3962 vittae,
1290 3967 1293 3970 ξ

511 3995 763 4077 'Aeternumque
784 4021 896 4090 manus
918 4001 1086 4078 carpebant
1106 4002 1165 4062 rite
1186 4001 1342 4061 laborem:

535 4103 627 4164 Laeva
648 4109 750 4165 colum
772 4106 861 4166 molli
880 4110 954 4167 lana
976 4106 1130 4167 retinebat
1152 4108 1308 4175 amictum,
1379 4092 1381 4096 ¹

533 4210 668 4270 Dextera
689 4214 755 4272 tum
777 4213 886 4273 leviter
908 4214 1063 4274 deducens
1085 4212 1138 4274 fila
1160 4213 1282 4288 supinis

536 4315 705 4377 Formabat
725 4317 838 4393 digitis,
861 4323 928 4380 tum
949 4339 1052 4396 prono
1072 4321 1111 4378 in
1129 4320 1239 4396 pollice
1260 4322 1409 4394 torquens

533 4421 695 4482 Libratum
717 4425 808 4484 tereti
828 4425 971 4486 versabat
990 4426 1114 4485 turbine
1134 4425 1255 4495 fusnm;
