3834 5492
446 658 497 709 100
847 680 889 722 in
907 679 1021 724 Parin.
1041 676 1160 725 39-47.

442 853 645 930 laudabunt;
670 856 710 918 cf.
736 853 849 918 Senec.
874 854 933 936 Ep.
963 855 1014 930 79,
1040 855 1091 918 13.
1116 853 1155 918 de
1170 855 1333 937 Epicuro:
1362 856 1564 920 «amicitiam

445 990 540 1034 suam
574 974 605 1033 et
638 969 821 1033 Metrodori
854 972 948 1051 grata
980 971 1296 1034 commemoratione
1331 971 1439 1035 canito
1476 972 1498 1050 i,
1532 992 1550 1034 e

443 1085 567 1162 laudat,
592 1106 672 1150 nam
695 1086 759 1150 hoo
782 1087 855 1150 loco
879 1106 948 1149 non
973 1086 1082 1168 agitur
1105 1086 1145 1150 de
1169 1086 1324 1152 carmine.
1342 1125 1387 1132 —
1402 1087 1471 1152 siin
1488 1088 1561 1154 vio-

445 1205 511 1268 tor'
529 1202 567 1267 in
599 1198 682 1282 iltis,
713 1221 756 1266 sc.
782 1202 1031 1266 certaminibus.
1056 1239 1100 1245 -
1129 1197 1170 1268 Ut
1192 1206 1350 1268 nostram
1374 1202 1479 1292 tantis
1503 1203 1561 1268 in-

444 1316 595 1382 scribant
624 1335 749 1382 namen
779 1316 817 1380 in
840 1316 939 1398 netis,
961 1320 999 1380 ut
1022 1337 1106 1400 opus
1128 1338 1243 1381 meum
1265 1318 1378 1400 palma
1401 1317 1562 1384 donatum

359 1473 362 1477 -
444 1432 540 1496 edere
573 1433 708 1514 possim.
743 1469 787 1475 —
820 1431 927 1497 tantis
946 1479 954 1496 .
972 1481 980 1496 .
997 1479 1006 1495 .
1022 1432 1060 1497 in
1091 1432 1188 1510 actis,
1221 1433 1258 1496 in
1290 1434 1436 1499 ommino
1467 1438 1564 1498 tanta

444 1551 517 1611 acte
540 1529 707 1612 narrante.

488 1663 526 1728 V.
553 1665 694 1728 39-44.
719 1663 883 1730 castrisue
906 1663 1032 1750 (orave,
1056 1666 1240 1728 eratenim
1263 1664 1422 1729 Messalla
1446 1669 1479 1728 et
1497 1664 1562 1728 dux

443 1781 621 1864 preclarus
647 1784 680 1844 et
703 1783 815 1845 orator
838 1800 991 1862 magnus.
1016 1816 1060 1826 —
1092 1776 1188 1846 [asta
1208 1781 1289 1864 pari
1309 1782 1479 1863 premitur
1501 1800 1559 1845 ve-

445 1892 507 1964 lati
536 1914 613 1961 enni
643 1892 796 1978 pondere
827 1894 926 1970 libra,
962 1900 1060 1976 poeta
1084 1899 1160 1959 ante
1184 1897 1298 1960 oeulos
1321 1897 1438 1960 habuit
1460 1895 1561 1959 Hom

444 2012 482 2077 Il.
517 2010 589 2076 XII.
623 2012 818 2075 ass-436:
848 2008 926 2075 Ἀλλ’
956 2009 1029 2096 ἔχον
1061 2007 1139 2074 ὥστε
1163 2012 1298 2074 τάλαντα
1320 2015 1393 2098 γονὴ
1418 2021 1560 2097 χερνῆτις

445 2124 581 2213 ἀληθὴς,
610 2124 690 2190 ’Ἠτε
716 2127 854 2212 σταθμὸν
879 2124 998 2213 ἔχουσα
1020 2129 1074 2191 καὶ
1098 2124 1191 2211 εἴριον
1215 2123 1311 2214 ἀμφὶς
1336 2123 1459 2191 ἀνέλκει
1480 2125 1562 2191 'loai-

445 2238 536 2316 (oac’‚
554 2237 607 2304 ἵνα
639 2242 742 2304 παισὶν
777 2236 886 2303 ἀεικέα
920 2241 1033 2325 μισθὸν
1057 2239 1180 2327 ἄρηται·
1197 2239 1255 2314 Ὣς
1279 2246 1334 2327 μὲν
1353 2253 1410 2307 τῶν
1435 2241 1482 2309 ἐπὶ
1506 2239 1562 2307 ἶσα

445 2362 532 2445 μάχη
551 2361 656 2420 τέτατο
679 2356 830 2441 croterii<
853 2378 897 2420 τε.
929 2392 972 2400 -
1000 2353 1126 2434 Prona,
1149 2357 1250 2437 iunge
1274 2377 1349 2422 cum
1368 2357 1461 2442 plns,
1486 2359 1509 2422 i.
1533 2381 1560 2423 e.

443 2474 551 2554 magis
585 2492 709 2554 prona;
744 2474 784 2536 cf.
823 2472 1013 2537 Nemesian.
1047 2472 1115 2537 Ecl.
1148 2473 1202 2538 IV.
1232 2475 1292 2537 72:
1329 2475 1426 2538 «Plus
1449 2478 1563 2538 tamen

443 2591 515 2672 ipse
538 2607 643 2665 meus,
668 2588 744 2670 plns
769 2593 819 2652 est
841 2589 1008 2652 formosus
1030 2589 1166 2654 Iollas».
1189 2627 1233 2634 —
1256 2588 1358 2669 sedet,
1382 2591 1564 2668 descendit,

444 2704 655 2786 demergitur,
682 2706 720 2767 ut
742 2704 871 2768 Lucret.
897 2703 933 2769 V.
959 2705 1041 2770 475:
1079 2704 1192 2783 «Quod
1215 2726 1323 2788 neque
1346 2713 1415 2770 tam
1439 2708 1567 2772 fuerint

444 2821 567 2902 gravia,
592 2824 630 2884 ut
654 2820 810 2902 depressa
834 2819 1018 2885 sederent».
1043 2855 1087 2866 -
1114 2819 1246 2899 Qualis,
1261 2821 1474 2906 inreqnatnni
1490 2827 1563 2900 eta,

444 2941 482 3002 ut
492 2935 540 3012 fit,
559 2937 587 3000 si
603 2937 735 3020 quando
751 2938 787 3001 in
803 2937 954 3002 lancibus
971 2958 1041 3002 non
1056 2943 1185 3021 aquata
1203 2943 1375 3020 ponuntur
1395 2959 1505 3004 onera.
1518 2978 1562 2984 —

445 3053 554 3134 natat,
577 3054 722 3132 vacillat,
746 3057 784 3117 ut
806 3054 888 3118 Hor.
914 3051 982 3118 Sat.
1006 3054 1048 3119 IL
1076 3055 1104 3131 7,
1129 3056 1235 3118 6-7;
1268 3053 1363 3118 «Pars
1387 3056 1566 3119 hominum

445 3171 536 3234 vitiis
560 3168 682 3251 gaudet
706 3174 898 3234 constanter
922 3173 954 3233 et
977 3173 1097 3252 urguet
1118 3169 1340 3252 Propositum,
1364 3191 1441 3252 pars
1457 3172 1567 3235 multa

444 3287 556 3348 natat»
584 3288 617 3348 et
640 3283 754 3348 Senec.
778 3284 837 3367 Ep.
865 3285 924 3348 35:
954 3285 1114 3348 «mutatio
1137 3285 1320 3349 voluntatis
1343 3286 1470 3350 indicat
1492 3287 1564 3350 ani·

446 3421 540 3464 mum
573 3403 722 3464 natare».
765 3437 808 3444 —
851 3399 983 3465 alterno
1015 3399 1208 3484 depressior
1237 3400 1328 3478 orbe,
1362 3421 1442 3464 nam
1473 3422 1565 3466 nune

447 3515 568 3591 dextra,
593 3534 684 3578 nunc
709 3515 845 3578 sinistra
867 3515 945 3578 lanx
969 3515 1148 3580 descendit.
1167 3551 1212 3561 —
1234 3513 1436 3600 depressior,
1453 3518 1564 3581 humi·

403 3675 407 3682 ·
445 3633 518 3708 lior,
552 3636 590 3695 ut
621 3630 750 3694 anret.
775 3631 798 3694 l.
822 3631 844 3695 1.
878 3667 921 3674 —
949 3629 1039 3709 orbe,
1062 3631 1218 3713 intellege
1240 3632 1371 3696 lancem
1394 3632 1487 3696 librae
1510 3653 1565 3697 ro-

445 3745 594 3810 tundam.

490 3861 527 3925 V.
552 3861 694 3926 45-47.
720 3857 812 3925 Nam
835 3879 897 3926 sen
919 3860 1046 3927 diversi
1066 3861 1191 3947 fremat
1205 3862 1439 3929 inconstantia
1457 3861 1564 3948 calgi,

446 3997 489 4041 so.
515 3977 551 4040 in
576 3976 803 4053 contionibus;
830 3978 939 4059 agitur
962 3977 1002 4041 de
1026 3979 1233 4043 orationibus
1257 3978 1299 4042 ad
1321 3979 1495 4060 populum.
1518 4014 1562 4022 —-

446 4091 584 4173 diversi,
609 4091 840 4170 discordantis,
864 4094 1005 4158 diversis
1029 4095 1203 4158 sententiis
1227 4093 1353 4176 agitati.
1378 4130 1422 4137 —
1449 4092 1567 4178 fremit

446 4206 679 4274 inconstantia
697 4207 802 4294 calgi,
827 4209 937 4272 locum
961 4209 1112 4272 imitatur
1134 4209 1258 4272 Lucan.
1282 4208 1339 4273 IX.
1364 4211 1445 4274 217:
1480 4211 1563 4272 «fre-

446 4325 508 4387 mit
541 4321 706 4386 disoordia
738 4324 860 4404 vulgi».
892 4359 934 4367 —
966 4343 1027 4389 sen
1056 4323 1181 4391 indicis
1213 4324 1268 4390 ira
1300 4322 1354 4392 Sit
1372 4323 1563 4410 placanda,

447 4441 556 4523 agitur
579 4439 619 4503 de
644 4439 851 4504 orationibus
875 4440 916 4503 ad
931 4440 1067 4513 iudices,
1085 4441 1124 4504 de
1141 4441 1250 4506 causis
1266 4462 1397 4505 reomm
1413 4441 1564 4524 agendis.
