3834 5492
767 721 810 764 so
828 719 1064 766 rsrnornrcun.
1444 699 1478 754 91

359 900 393 961 et
416 897 512 981 Prop.
536 898 578 962 II.
616 899 665 974 11,
700 899 762 962 51:
801 917 902 980 «vaga
924 897 1066 962 flumina
1089 899 1199 976 Nfli»;
1225 898 1308 963 adde
1331 898 1478 983 Prop.L

359 1012 413 1090 90,
446 1015 506 1078 10:
544 1011 639 1078 «Sive
663 1013 863 1096 ubicumque
886 1034 971 1096 vago
994 1013 1144 1078 fluminis
1168 1014 1335 1098 hospitio»
1363 1018 1397 1079 et
1418 1015 1479 1080 ΠΙ,

362 1129 412 1205 15,
447 1131 489 1195 97
501 1153 509 1194 :
547 1128 659 1213 «Saepe
691 1149 775 1212 vago
803 1130 906 1214 Asopi
930 1132 1044 1194 sonitu
1067 1135 1220 1213 permota
1241 1130 1413 1197 fluentis».
1434 1166 1481 1176 -

358 1245 478 1328 Paneg.
508 1248 588 1311 178:
626 1247 720 1329 «Ipse
743 1247 829 1310 mihi
851 1267 921 1311 non
946 1249 975 1311 si
997 1248 1190 1330 praescribat
1212 1249 1360 1312 carmina
1383 1247 1479 1312 Phoe·

359 1360 438 1424 bus»
476 1365 509 1425 et
538 1361 634 1443 Prop.
660 1361 714 1426 IV.
743 1363 770 1438 1,
798 1363 881 1427 133:
919 1363 1021 1426 «Tum
1044 1363 1105 1427 tibi
1129 1383 1237 1445 pauca
1260 1382 1320 1427 suo
1345 1363 1386 1427 do
1410 1383 1479 1427 car·

358 1476 450 1539 mine
475 1476 577 1541 dictat
599 1477 752 1560 Apollo».

403 1591 457 1656 IV.
484 1591 674 1658 Similitudo
699 1595 736 1657 in
758 1595 856 1658 rebus
879 1596 1048 1677 mythicis.
1070 1596 1190 1678 Paneg.
1216 1595 1368 1660 50-51:
1405 1594 1479 1658 «Vi-

358 1709 443 1771 xerit
474 1709 532 1773 ille
566 1730 666 1774 senex
696 1713 752 1790 (sc.
782 1711 914 1792 Nestor)
938 1713 1097 1794 quamvis,
1123 1711 1203 1775 dum
1226 1715 1321 1775 terna
1343 1731 1405 1794 per
1427 1730 1480 1774 or·

359 1822 435 1887 bem
468 1822 595 1891 Saecula
627 1828 793 1892 fertilibus
825 1828 923 1893 Titan
955 1828 1143 1893 decurreret
1178 1828 1288 1891 horis»
1332 1830 1364 1890 et
1398 1825 1477 1890 ibid

362 1938 442 2002 1191
472 1939 597 2005 «Tema
620 1943 733 2006 minus
748 1943 849 2026 Pyliae
865 1945 1007 2008 miretur
1021 1945 1142 2009 saeoula
1158 1946 1273 2008 fame»
1288 1962 1297 2019 ;
1321 1943 1360 2005 cf.
1380 1940 1477 2023 Prop.

358 2053 400 2118 IL
429 2057 479 2134 13,
505 2058 567 2121 46:
607 2058 774 2124 «Nestoris
798 2065 847 2124 est
870 2061 963 2125 visus
985 2064 1062 2143 post
1084 2061 1151 2124 tria
1174 2061 1271 2124 saecla
1293 2060 1410 2124 cinis».
1434 2094 1480 2102 -

358 2171 482 2236 Auctor
518 2173 714 2258 Panegyrici
751 2196 816 2241 vss.
856 2179 999 2242 59--78.
1038 2178 1230 2242 Messallam
1268 2197 1345 2241 cum
1383 2177 1479 2243 Ulixe

359 2292 531 2370 comparat
563 2293 596 2352 et
629 2289 834 2371 digressione
858 2294 946 2356 facta
970 2296 1078 2358 totum
1104 2289 1266 2377 Odyssea:
1289 2312 1478 2380 argumen-

359 2408 433 2470 tum
465 2409 617 2481 enarrat:
649 2406 739 2470 idem
762 2408 842 2472 facit
864 2407 1058 2490 Propertius
1081 2407 1140 2474 HL
1167 2409 1217 2486 19,
1244 2408 1479 2486 93-36.,111)1

360 2522 504 2587 amicum
537 2543 635 2588 suum
667 2523 873 2603 Postumum,
906 2527 1067 2591 maritum
1098 2527 1201 2590 Aeliae
1225 2526 1341 2601 Gallae,
1365 2524 1478 2588 uxoris

291 2724 294 2727 Ι
360 2639 503 2720 optimae,
529 2643 699 2721 comparat
722 2661 798 2704 curn
821 2640 926 2719 Ulixe,
950 2641 1135 2724 Penelopes
1158 2645 1291 2709 marito.
1315 2644 1389 2709 Hoc
1404 2643 1478 2707 loco

357 2759 479 2835 praeter
513 2755 769 2822 similitudinem
811 2759 915 2822 totius
956 2758 1174 2840 digressionis
1210 2761 1312 2823 etiam
1347 2760 1480 2842 singula

359 2873 439 2934 sunt
471 2871 629 2948 notanda,
664 2876 703 2936 ut
735 2872 856 2955 Paneg.
898 2875 1051 2938 56-57:
1095 2875 1255 2939 «Aetnaeee
1288 2875 1479 2958 Neptunius

358 2985 469 3049 incola
491 2987 585 3069 rupis
608 2986 704 3051 Victa
726 2987 887 3052 Maroneo
911 2989 1055 3053 foedatus
1082 2989 1211 3054 lumina
1233 2990 1396 3066 Baccho»,
1420 2990 1479 3054 ubi

360 3102 502 3182 scriptor
535 3103 660 3184 plurali
694 3124 834 3168 numero
868 3105 977 3169 utitur
1014 3104 1054 3168 de
1088 3125 1157 3170 uno
1193 3101 1346 3189 Cyclopis
1381 3106 1480 3170 oculo

357 3217 518 3298 loquens:
542 3219 659 3284 eodem
682 3220 781 3285 modo
806 3221 885 3285 dicit
906 3221 1003 3304 Prop.
1024 3221 1083 3285 Ill
1103 3223 1155 3299 19,
1172 3222 1236 3286 961
1265 3221 1480 3303 «Exustoeque

358 3335 423 3396 tuae
457 3353 543 3411 mox,
577 3335 790 3419 Polypheme,
822 3355 935 3422 peuce»
964 3338 986 3402 i.
1011 3358 1038 3402 e.
1064 3338 1173 3413 oculi:
1207 3336 1290 3400 adde
1313 3337 1411 3420 Prop.
1434 3336 1477 3402 Π.

360 3450 411 3524 33,
447 3451 598 3516 31-3e:
637 3453 773 3535 speristi
805 3453 872 3518 Nec
904 3474 976 3517 non
1006 3453 1147 3518 Ismario
1182 3457 1229 3528 tu,
1264 3452 1479 3536 Polypheme,

359 3584 483 3631 meroe.
507 3567 628 3652 Paneg.
655 3571 706 3635 75.
733 3570 772 3634 de
797 3568 982 3654 Charybdi:
1011 3569 1090 3634 «Vel
1114 3571 1142 3634 si
1165 3569 1357 3654 interrupto
1373 3566 1478 3633 nuda·

358 3685 409 3744 ret
442 3683 572 3767 gurgite
606 3691 790 3768 pontum»;
828 3689 868 3753 of.
904 3687 1001 3770 Prop.
1036 3687 1094 3751 ΠΙ.
1130 3687 1181 3750 19.
1215 3687 1274 3751 981
1313 3686 1479 3749 saltemus

359 3798 470 3865 scisso
493 3798 676 3883 Charybdis
701 3822 836 3888 aquas».
859 3803 981 3886 Paneg.
1006 3804 1069 3868 70:
1099 3802 1216 3866 «Illum
1232 3802 1323 3867 inter
1337 3802 1478 3884 geminae

357 3917 548 3998 11αηί1111111.
574 3937 601 3982 o.
626 3918 853 4000 navigantem)
876 3917 1022 3984 confinia
1043 3918 1200 3995 mortim:
1226 3918 1266 3982 ct
1295 3917 1391 3999 Prop.
1416 3915 1476 3982 III.

362 4031 410 4109 19,
437 4033 500 4099 391
529 4032 672 4116 «Totque
692 4033 814 4098 hiemis
837 4039 952 4099 noctes
975 4037 1090 4116 totque
1113 4035 1257 4099 natasse
1278 4034 1311 4113 (i
1338 4054 1365 4098 e.
1385 4031 1478 4097 navi·

358 4149 466 4228 gasse)
491 4148 602 4226 diesi:
635 4151 745 4232 agitur
767 4153 880 4216 autem
903 4149 1080 4232 utrobique
1103 4149 1143 4214 de
1166 4149 1262 4216 Ulixe
1286 4149 1476 4231 navigante,

358 4266 396 4327 ut
426 4263 495 4334 iarn
528 4285 627 4349 supra
650 4266 806 4334 vidimus.
839 4265 886 4332 Of.
913 4268 1015 4332 etiam
1037 4267 1140 4332 finem
1162 4266 1365 4332 narrationis
1389 4261 1480 4346 apud

357 4384 535 4463 utrumque
559 4381 773 4464 scriptorem:
797 4382 918 4464 Paneg.
944 4384 1008 4452 78:
1036 4383 1148 4448 «Finis
1165 4387 1198 4448 et
1215 4381 1343 4448 erroris
1359 4377 1480 4445 miseri

358 4493 509 4560 Phaeacia
539 4497 659 4562 tellus»
696 4501 730 4562 et
760 4497 856 4580 Prop.
891 4498 950 4566 HL
989 4499 1040 4576 19,
1074 4499 1138 4564 36:
1176 4496 1402 4582 «Errorisquc
1425 4493 1479 4560 sui
