3834 5492
434 716 484 768 102
843 739 885 780 ΔΙ)
903 737 1017 782 PANEG.
1037 733 1154 780 58—63.

433 910 589 999 Πλάγχθη
607 964 615 979 .
633 960 641 976 .
659 963 666 976 .
685 867 813 976 Πολλῶν
834 911 859 976 δ’
881 909 1051 996 ἀνθρώπων
1074 911 1137 976 ἴδεν
1162 911 1269 977 ἄστεα.
1288 949 1330 956 -
1350 911 1426 990 (lieu
1441 911 1550 978 rueris

434 1027 593 1092 extremis
619 1028 718 1093 tellus
744 1025 933 1092 includitur
955 1028 1071 1106 urielis,
1096 1029 1207 1092 locum
1230 1029 1382 1092 imitatur
1404 1029 1551 1092 incertus

433 1120 548 1207 auctor
578 1144 674 1207 hetn,
711 1145 862 1208 94—95:
901 1142 1133 1224 «Quacumque
1165 1143 1351 1207 immensus
1385 1148 1480 1207 terrae
1498 1165 1550 1208 ,se

432 1259 573 1340 porrigit
604 1257 691 1322 orbis
723 1258 935 1340 Extremique
953 1258 1057 1320 maris
1081 1258 1190 1322 curvis
1213 1259 1396 1340 incingitur
1418 1259 1549 1323 undisr.

432 1412 463 1420 -
499 1373 620 1455 ruuris,
645 1373 787 1450 Oceani3
812 1377 851 1440 cf.
877 1373 942 1440 Cic.
969 1373 1082 1438 Somn.
1109 1372 1195 1455 Scip.
1220 1374 1282 1438 ll:
1322 1395 1441 1456 «parva
1464 1395 1550 1457 quae-

434 1489 510 1552 dam
534 1490 645 1554 insula
672 1494 732 1567 est,
765 1491 966 1554 circumfusa
997 1489 1056 1552 illo
1087 1489 1182 1565 mari,
1219 1488 1307 1571 quod
1335 1489 1548 1566 Atlanticum,

433 1603 521 1686 quod
549 1604 719 1686 Magnum,
754 1625 852 1687 quem
888 1603 1057 1668 Oceanum
1091 1604 1267 1686 appellatis
1291 1605 1326 1666 in
1349 1606 1479 1669 terris».
1509 1642 1552 1650 -

432 1717 524 1784 Nune
553 1717 784 1805 Ciconumque
818 1741 944 1786 uioreus
981 1720 1136 1787 aduersis
1170 1720 1320 1805 reppulit
1354 1722 1474 1802 crucis,
1508 1723 1549 1785 ct.

432 1835 531 1900 Hom.
558 1832 919 1919 0dyss.1x.'39-61.
944 1841 979 1900 et
1002 1835 1119 1919 Odyss.
1143 1836 1264 1900 XXIII.
1295 1839 1378 1902 310:
1412 1835 1549 1908 Κίκονας

433 1952 565 2038 δάμασε.
595 1989 637 1996 ..
671 1949 741 2017 Nec
771 1953 880 2018 uoluit
906 1952 991 2018 totos
1019 1956 1151 2036 coeptos
1179 1954 1329 2017 uuertere
1354 1972 1486 2027 curcua,
1510 1955 1550 2018 cf.

432 2067 531 2132 Hom.
557 2067 672 2150 Odyss.
697 2069 755 2133 IX.
780 2070 944 2133 83-104.
973 2104 1009 2113 —
1037 2069 1198 2145 auertere,
1215 2067 1367 2131 absolute
1383 2069 1549 2150 positumr

433 2188 580 2248 avertere
604 2205 623 2246 a
646 2183 708 2248 via.
742 2222 786 2228 —
822 2181 930 2250 Cessit
964 2187 996 2249 et
1030 2182 1178 2250 Aetuoeae
1209 2180 1403 2268 Neptuuius
1438 2183 1553 2248 iucolc

431 2299 540 2383 rupta,
574 2299 705 2380 cyclops
737 2299 972 2380 Polyphemus,
997 2299 1145 2380 Neptuni
1168 2297 1268 2375 filius,
1293 2299 1330 2361 in
1354 2297 1485 2375 Sicilia3
1510 2301 1549 2362 cf.

431 2415 532 2478 Hom.
557 2413 674 2496 Odyss.
699 2413 754 2478 IX.
776 2415 846 2478 105.
866 2435 935 2496 sqq.
953 2413 1056 2477 Poeta
1072 2418 1150 2477 ante
1167 2413 1283 2477 oculos
1299 2413 1417 2477 habuit
1432 2413 1550 2478 Catull.

433 2532 484 2606 64,
511 2530 596 2595 IIS:
626 2528 740 2608 «Quod
763 2529 825 2592 tibi
849 2530 876 2593 si
902 2530 1010 2592 saneti
1029 2529 1230 2592 concesserit
1244 2529 1355 2592 incola
1370 2529 1553 2592 Itoni»,-

435 2643 554 2727 Ceasit,
588 2667 631 2710 sc.
667 2645 756 2709 Ulixi
789 2647 829 2709 ab
866 2666 904 2708 eo
940 2646 1099 2709 devictus.
1124 2681 1168 2688 —
1200 2642 1349 2709 Aetueeoe
1366 2693 1373 2708 .
1392 2694 1400 2709 .
1416 2693 1424 2706 .
1441 2643 1550 2728 rupis,

434 2761 610 2844 scriptores
633 2762 769 2842 plurimi
793 2767 868 2843 post
891 2761 1077 2825 Homerum
1092 2796 1136 2805 —
1152 2781 1222 2824 non
1237 2760 1405 2824 Homerus
1421 2762 1492 2842 ipse
1508 2797 1552 2805 —

433 2869 584 2958 cyclopes
618 2878 679 2942 sub
711 2877 818 2939 Aetna
850 2877 1018 2940 habitasse
1050 2875 1269 2942 tradiderunt.
1298 2874 1345 2940 Of.
1370 2876 1467 2958 Verg.
1493 2874 1550 2944 Ge.

432 2993 457 3056 I.
483 2993 669 3057 471-171.
690 3031 733 3036 —
756 2990 862 3070 Victo,
880 2993 980 3074 iunge
997 3013 1073 3056 cum
1089 2989 1237 3057 Boccho,
1252 3029 1296 3035 —-
1313 2990 1495 3057 Muroueo,
1518 3043 1524 3053 .
1543 3041 1551 3054 .

434 3105 579 3184 Bocche,
609 3107 722 3172 Ulixes
745 3110 869 3184 vinum,
896 3107 985 3190 quod
1007 3107 1213 3191 Polyphemo
1237 3106 1335 3183 dedit,
1361 3128 1380 3169 a
1402 3107 1551 3182 Marone,

435 3225 604 3290 sacerdote
636 3225 811 3307 Apollinis,
845 3226 979 3308 accepit,
1015 3247 1090 3290 oum
1127 3225 1245 3288 urbem
1277 3225 1441 3288 Ismarum
1474 3223 1552 3286 diri·

432 3344 547 3424 peret;
573 3343 612 3405 cf.
637 3341 735 3404 Hom.
763 3340 821 3404 Od.
846 3340 902 3404 IX.
931 3343 1126 3406 196—22002
1152 3338 1229 3424 ἀτὰρ
1246 3338 1348 3421 αἴγεον
1365 3337 1460 3403 &onor
1480 3338 1552 3424 ἔχον

382 3523 384 3536 ,
436 3457 568 3540 μέλανος
602 3455 696 3520 οἴνοιο
729 3454 851 3530 Ἧδὲος,
877 3453 909 3519 ὃν
935 3478 987 3542 μοι
1015 3455 1112 3518 ἔδωκε
1138 3453 1265 3538 Μάρων,
1289 3451 1449 3527 Εὖανθέος
1475 3450 1552 3526 οἶός,

436 3569 532 3654 Ἱρεὺς
544 3569 749 3647 Ἀπόλλωνος,
768 3569 802 3644 ὅς
812 3568 962 3656 Ἴσμαρον
976 3569 1193 3656 ἀμφιβεβήκει,
1207 3567 1327 3634 Οῧνεκά
1342 3593 1390 3653 μιν
1403 3572 1455 3633 σὺν
1469 3569 1554 3632 παιδὶ

435 3685 638 3772 περισχόμεθ’
664 3684 721 3774 ἠδὲ
745 3690 864 3767 γυναικὶ
888 3686 1060 3770 Ἀζόμενοι.
1084 3722 1126 3730 -
1150 3684 1318 3770 foedetur,
1345 3685 1431 3748 foede
1454 3705 1553 3749 00010-

436 3807 538 3867 catus.
566 3841 608 3848 —
643 3803 787 3882 luminu,
811 3803 934 3885 plurali
957 3823 1097 3866 numero
1121 3803 1235 3876 utitur,
1262 3823 1462 3884 quamquam
1486 3803 1553 3884 agi·

435 3924 491 3983 tur
514 3919 553 3982 dc
577 3940 645 3982 uno
670 3918 824 4002 Cyclopis
848 3921 965 3994 oculo;
990 3917 1106 3982 eodem
1130 3919 1229 3981 modo
1255 3917 1334 3981 dicte
1365 3919 1461 4000 Prop.
1494 3918 1556 3997 HL

439 4036 488 4112 ll,
508 4036 567 4100 26:
590 4035 804 4118 «Exustaeque
820 4039 885 4098 tuae
902 4056 988 4106 mon,
1006 4035 1218 4117 Polypheme.
1235 4053 1349 4120 qeuceo
1369 4035 1390 4097 i.
1410 4053 1436 4097 e.
1456 4033 1554 4096 oculi.

479 4151 516 4217 V.
543 4153 683 4215 58-63.
715 4148 813 4215 Veuit
838 4151 867 4214 ei
890 4149 1027 4215 Aeolios
1047 4148 1228 4234 ptuciuuue
1246 4167 1311 4232 per
1333 4146 1447 4212 Nereu
1469 4126 1560 4213 reu-v

437 4270 499 4346 tos,
539 4270 656 4330 ventos
692 4265 732 4330 ab
767 4265 879 4341 AeolO,
915 4270 1040 4328 rectore
1076 4269 1261 4329 ventorum.
1298 4268 1372 4326 utre
1407 4263 1554 4327 inclusos

437 4403 549 4447 seeum
581 4384 669 4446 vexit
701 4383 737 4446 in
769 4401 870 4458 nave;
906 4383 945 4444 cf.
981 4380 1078 4444 Hom.
1109 4378 1168 4442 Od.
1192 4380 1232 4444 X.
1260 4381 1310 4442 19.
1335 4400 1403 4462 sqq.
1429 4413 1472 4423 —
1490 4396 1561 4462 per.

438 4494 558 4574 Nereu,
584 4497 718 4573 Nereus,
743 4497 825 4560 deus
844 4497 955 4572 marie,
977 4516 1036 4579 pro
1061 4497 1156 4570 muri,
1180 4499 1218 4557 ut
1232 4495 1329 4575 Verg.
1353 4495 1421 4557 Eu.
1447 4497 1476 4570 6,
1496 4496 1556 4560 35:
