3834 5492
692 682 734 724 re
753 680 847 725 uren.
867 681 960 725 nme.
981 682 1016 725 n.
1036 678 1152 726 ae—ac.
1456 661 1494 715 43

373 873 425 922 res
449 859 485 923 in
508 878 594 922 urna
616 856 718 940 positi
741 858 874 921 misceri
898 858 1071 934 solebant;
1098 858 1289 941 Lygdamus
1313 864 1393 923 ante
1415 880 1491 924 ocu·

372 976 423 1038 los
447 973 566 1037 habuit
588 972 657 1037 Tib.
681 972 707 1036 Ι.
734 972 764 1048 3,
790 973 830 1038 7.
868 974 962 1037 «Non
986 995 1088 1051 soror,
1113 976 1267 1057 Assyrios
1292 977 1395 1040 cineri
1419 996 1492 1059 quae

372 1089 489 1154 reddat
511 1088 660 1153 odores».
686 1088 735 1154 Of.
759 1088 818 1154 0v,
843 1090 939 1155 Trist.
964 1092 1023 1156 ΠΙ.
1049 1093 1078 1169 3,
1097 1094 1149 1158 65.
1168 1097 1202 1157 et
1218 1095 1367 1159 69-70:
1390 1093 1493 1158 «Ossa

371 1211 485 1270 tamen
508 1206 608 1269 facito
631 1225 734 1288 parva
765 1206 951 1271 referantur
980 1208 1017 1271 in
1043 1228 1128 1271 urna
1144 1258 1152 1272 .
1170 1257 1178 1272 .
1196 1258 1204 1273 .
1222 1210 1329 1291 Atque
1353 1229 1491 1273 cacum

373 1322 462 1386 foliis
496 1326 529 1386 ct
561 1323 686 1385 amomi
718 1322 853 1404 pulvere
885 1324 988 1388 misce
1015 1324 1119 1406 Inque
1143 1326 1333 1390 suburbano
1357 1325 1491 1390 condita

371 1456 459 1519 pone
483 1438 586 1501 eolo».
612 1474 656 1483 -
679 1437 795 1518 meaa,
818 1437 942 1502 usitata
965 1460 1028 1503 vox
1051 1440 1091 1504 de
1114 1440 1279 1505 mercibus
1306 1439 1493 1524 peregrinis

372 1553 513 1617 Romam
537 1554 700 1630 advectis;
726 1555 767 1617 cf.
791 1553 888 1636 Verg.
913 1552 973 1617 Ge.
997 1554 1021 1619 L
1048 1556 1110 1620 57:
1139 1556 1254 1620 «India
1277 1556 1381 1619 mittit
1400 1554 1489 1629 ebur,

371 1669 492 1732 molles
516 1689 577 1733 sua
599 1673 675 1733 tura
700 1667 839 1733 Sabaei».
864 1706 907 1713 -
931 1667 1026 1735 diaes
1050 1668 1238 1745 Panchaia,
1265 1670 1417 1735 fabulosa
1440 1670 1490 1732 in-

372 1784 446 1847 sula
477 1783 515 1847 in
548 1782 681 1848 Oceano
713 1782 853 1859 Indico„
874 1784 915 1847 ab
942 1784 1132 1849 Euhemero
1155 1785 1193 1849 in
1216 1784 1369 1849 Historia
1392 1781 1493 1848 Sacra

353 1900 546 1983 descripta,
581 1921 653 1983 quae
686 1899 858 1963 arboribus
894 1901 1069 1965 odoriferis
1106 1901 1275 1966 abundare
1311 1900 1491 1964 dicebatur.

371 2003 552 2079 Euhemeri
574 2016 697 2080 librum
721 2018 757 2080 in
779 2017 938 2080 Latinum
962 2018 1134 2081 transtulit
1157 2018 1296 2093 Ennius,
1322 2016 1411 2081 unde
1427 2018 1490 2081 fre·

371 2153 477 2213 quens
509 2132 598 2213 apud
628 2132 798 2197 Romanos
829 2131 1006 2197 Panchaiae
1038 2136 1174 2198 mentio.
1199 2133 1389 2216 Lygdamus
1413 2136 1492 2196 ante

372 2250 486 2314 oculos
510 2250 628 2314 habuit
650 2250 747 2314 Lucr.
771 2248 814 2312 ΙΙ.
838 2249 926 2313 417:
966 2250 1113 2332 «Araque
1145 2251 1326 2315 Panchaeos
1360 2248 1493 2313 exhalat

371 2371 508 2449 propter
535 2366 694 2443 odoresr;
726 2367 822 2448 Verg.
857 2366 916 2431 Ge.
949 2367 990 2431 Il.
1028 2368 1109 2432 139:
1148 2369 1311 2451 «Totaque
1343 2366 1490 2432 turiferis

371 2483 539 2546 Panchaia
560 2484 695 2565 pinguis
719 2483 872 2546 harenis»
901 2487 934 2546 et
956 2484 1011 2548 IV.
1038 2485 1122 2548 379:
1152 2484 1342 2548 «Panchaeis
1362 2482 1489 2546 adoles·

371 2602 451 2661 cunt
474 2598 608 2680 ignibus
632 2619 729 2661 arae».
754 2596 802 2663 Cf.
828 2598 884 2663 Ov.
909 2598 990 2663 Met.
1015 2599 1054 2663 X.
1081 2599 1280 2665 307-309:
1314 2598 1376 2669 «eit
1399 2597 1491 2660 dives

371 2735 504 2779 amomo
539 2714 768 2798 Cinnamaque
807 2720 1002 2799 costumque
1041 2737 1139 2781 suum
1178 2715 1361 2797 sudataque
1398 2714 1491 2795 ligno

370 2831 457 2894 Tura
481 2833 566 2894 ferat
588 2830 752 2914 floresque
776 2833 860 2895 alios
883 2832 1052 2896 Panchaia
1074 2834 1206 2897 tellus».
1233 2868 1278 2878 —
1300 2828 1491 2907 Panchaia,

371 2950 528 3029 quattuor
551 2948 696 3029 syllaba,
720 2954 758 3011 ut
780 2948 875 3030 Verg.
902 2952 935 3012 et
958 2947 1016 3013 Ov.
1033 2948 1067 3012 ll
1085 2948 1119 3011 ll.
1140 2985 1185 2993 -
1200 2945 1332 3032 Eoique
1347 2942 1489 3020 Arabae,

371 3062 550 3125 orientales
563 3084 572 3138 3
603 3069 703 3145 poeta
733 3064 879 3146 respexit
910 3063 1007 3146 Verg.
1041 3062 1097 3128 Ge.
1132 3063 1175 3127 Π.
1212 3062 1292 3127 115:
1322 3062 1491 3143 «ansque

371 3178 488 3242 domos
520 3179 698 3244 Arabum».
734 3180 855 3243 Arabia
887 3180 982 3243 Felix
1014 3182 1077 3244 fert
1107 3184 1162 3245 tus
1186 3183 1220 3243 et
1242 3178 1421 3260 myrrham.
1446 3212 1491 3220 —

366 3296 509 3381 abacis
534 3302 564 3361 cl
588 3295 747 3382 Assyria,
782 3295 886 3379 Syria,
917 3317 995 3361 nam
1020 3296 1139 3361 odoras
1163 3294 1310 3360 Orientis
1334 3314 1373 3357 ex
1395 3290 1492 3374 Syria

370 3412 511 3476 Romam
535 3413 805 3490 advehebantur3
828 3415 966 3497 Assyria
990 3418 1023 3478 et
1046 3411 1141 3497 Syria
1165 3418 1277 3476 autem
1302 3429 1389 3491 saepe
1412 3428 1490 3472 con-

371 3526 557 3592 funduntur
590 3528 678 3612 apud
710 3530 888 3613 scriptores
919 3529 1101 3595 Romanos.
1135 3529 1183 3595 Of.
1218 3528 1292 3593 adn
1327 3527 1424 3591 inira
1449 3524 1492 3589 ad

370 3643 426 3707 IV.
450 3644 510 3708 28:
541 3644 655 3726 «Syrio
680 3666 772 3709 rore»
801 3652 835 3710 et
858 3646 900 3710 ad
922 3646 978 3710 VI.
1003 3645 1062 3711 63:
1090 3644 1203 3728 «Syrio
1234 3644 1371 3709 nardo».
1404 3641 1490 3724 Lyg-

371 3759 489 3824 damus
522 3764 600 3827 ante
633 3761 748 3825 oculos
770 3761 889 3825 habuit
913 3761 982 3826 Tib.
1008 3760 1032 3825 Ι
1059 3762 1088 3835 3,
1115 3763 1154 3826 7:
1192 3759 1363 3841 «Assyrios
1386 3756 1491 3820 cineri

371 3895 443 3957 quae
475 3876 592 3939 reddat
624 3876 760 3940 odores»
788 3879 821 3939 et
844 3876 938 3959 Prop.
964 3878 1006 3943 Π.
1035 3879 1085 3953 13,
1110 3876 1253 3942 ΙΙΙ-30.
1277 3874 1317 3939 de
1340 3891 1491 3955 unguen·

369 3992 414 4055 tis
436 3994 569 4056 mortuo
593 3990 732 4056 dandis:
768 3989 973 4074 «Osculaque
1005 3993 1041 4056 in
1064 3991 1183 4073 gelidis
1206 4010 1312 4074 pones
1336 4007 1493 4071 suprema

370 4106 512 4184 labellis,
549 4106 633 4171 Cum
667 4106 799 4171 dabitur
835 4105 930 4189 Syrio
965 4127 1105 4171 munere
1139 4108 1260 4187 plenus
1296 4124 1414 4187 onyxr.
1448 4136 1492 4148 -

366 4221 522 4308 plagate,
539 4223 668 4301 fertilis,
685 4227 724 4286 ut
738 4222 834 4305 Prop.
852 4223 912 4287 111.
929 4226 959 4300 5,
978 4224 1017 4287 5:
1051 4221 1252 4304 «Campania
1267 4221 1434 4303 pinguiae.
1446 4256 1492 4265 -

370 4337 483 4402 acciri
517 4355 684 4403 memores
717 4338 879 4417 lactata,
912 4339 1086 4421 epitheton
1118 4359 1137 4402 a
1168 4356 1314 4420 persona
1346 4335 1388 4399 ad
1420 4354 1491 4398 rem

371 4453 579 4531 translatum,
614 4458 652 4517 ut
683 4453 764 4517 Hor.
790 4452 898 4517 Carm.
921 4454 982 4517 ΠΙ.
1009 4455 1059 4530 11,
1085 4452 1237 4518 51-522
1274 4450 1399 4515 «nostri
1421 4470 1490 4513 me·
