3834 5492
637 1495 923 1643 arsurum
950 1558 1213 1641 uuuerm.

912 1882 937 1945 L

458 2041 575 2106 Martis
597 2042 741 2107 Romani
765 2044 858 2105 festae
881 2061 1002 2105 venere
1027 2040 1194 2106 kalendae:
1251 2050 1252 2053 ’

500 2158 811 2223 Exoriensnostris
835 2158 890 2221 hie
914 2158 984 2243 fuit
1003 2176 1112 2227 annus
1137 2158 1226 2232 avis;

457 2274 499 2339 Et
520 2294 605 2357 vaga
627 2295 717 2338 nune
741 2276 831 2337 certa
853 2273 1046 2337 discurrunt
1068 2250 1215 2355 undique
1238 2292 1362 2356 pompa

447 2444 457 2458 ..
500 2390 628 2473 Perque
650 2391 722 2455 vias
745 2389 838 2456 urbis
860 2408 1003 2454 munera
1018 2398 1149 2471 'perque
1174 2388 1298 2453 domes.

455 2508 574 2584 Dicite,
597 2507 754 2584 Pierides,
780 2527 926 2590 quonam
950 2507 1093 2571 donetur
1115 2505 1242 2569 honore
1472 2536 1486 2574 a

500 2623 566 2691 Seu
582 2632 674 2699 lmea,
698 2643 758 2687 seu
781 2623 889 2699 fallor,
913 2627 990 2687 e'ara
1012 2620 1127 2685 Neaera
1149 2626 1273 2685 tamen.
1298 2657 1342 2665 —

462 2739 634 2806 «Carmine
658 2740 821 2813 formosa,
846 2739 954 2820 pretio
979 2737 1156 2819 capiuntur
1179 2756 1302 2801 avara:
1566 2811 1572 2821 „

503 2854 663 2930 Gaudeat,
688 2857 727 2917 ut
749 2853 851 2935 dig-na
874 2857 933 2929 est,
958 2852 1108 2921 versibus
1131 2852 1190 2916 illa
1212 2853 1289 2918 tuis.

458 2970 565 3047 Lutea
588 2969 647 3034 sed
669 2970 806 3033 niveum
829 2969 979 3032 involvat
1003 2967 1197 3032 membrana
1220 2966 1381 3043 libellum,
1506 3028 1518 3040 .

501 3087 626 3151 Pumex
649 3088 703 3150 eui
727 3105 829 3150 eanae
852 3085 992 3149 tondeat
1015 3088 1092 3148 ante
1113 3103 1229 3149 eomas
1458 3114 1487 3152 ιο

457 3202 658 3285 Summaque
682 3206 840 3285 praetexat
862 3203 974 3267 tenuis
999 3202 1132 3285 fastigia
1154 3202 1278 3276 charta,

502 3319 632 3383 Indieet
654 3324 691 3383 ut
714 3339 840 3382 nomen
863 3318 977 3383 littere
1001 3318 1100 3383 rubra
1123 3324 1228 3395 tuum,

458 3440 566 3522 Atque
588 3438 677 3502 inter
699 3438 850 3520 geminas
873 3437 1057 3519 pingantur
1079 3455 1204 3499 cornua
1228 3436 1372 3498 frontes:

498 3552 556 3618 sic
581 3553 706 3617 etenim
729 3554 900 3633 comptum
923 3552 1056 3615 mittere
1081 3553 1212 3632 oportet
1236 3568 1349 3632 opus.»
1377 3584 1421 3595 -
1769 3550 1770 3629 t

458 3671 612 3746 Portos,
639 3675 789 3734 auctores
813 3670 913 3733 huius
937 3668 1023 3731 mihi
1048 3668 1214 3743 carminis,
1240 3686 1297 3731 oro
1458 3696 1486 3733 ns
1769 3630 1770 3657 ¹

504 3784 749 3866 Castaliamque
773 3784 926 3847 umbram
949 3782 1141 3864 Pieriosque
1165 3782 1275 3856 lacus,

460 3902 511 3966 Ite
534 3900 671 3964 domum
694 3898 886 3981 cultumque
910 3898 961 3961 illi
987 3898 1108 3961 donate
1131 3896 1291 3973 libellum,

504 4015 603 4081 sieut>
620 4016 701 4080 erit:
724 4014 839 4078 nullus
863 4013 988 4084 defluat
1011 4014 1088 4078 inde
1112 4015 1212 4079 color.
1769 3978 1770 4047 i

458 4134 522 4197 Illa
545 4133 630 4197 mihi
652 4132 781 4207 referet,
807 4133 835 4195 si
859 4133 967 4196 nostri
991 4134 1117 4195 mutua.
1132 4150 1210 4195 eure
1235 4134 1299 4205 est.
1325 4134 1332 4193 ζ

502 4248 697 4323 Auminor,
723 4251 860 4311 antoto
883 4249 1017 4329 pectore
1042 4245 1229 4310 deciderim.
1336 4270 1338 4273 ·
1459 4266 1487 4309 so

460 4363 525 4430 Sed
547 4365 694 4447 primum
716 4363 870 4427 meritam
893 4364 988 4446 larga
1012 4362 1133 4427 donate
1159 4361 1264 4425 salute

503 4483 609 4564 Atque
633 4481 703 4543 haec
727 4480 894 4544 submisso
919 4479 1027 4544 dieite
1042 4479 1142 4543 verba
1165 4498 1269 4543 sono:
1323 4506 1325 4513 v

1769 4576 1770 4609 t
