3834 5492
419 725 456 779 46
750 747 792 791 so
810 746 906 791 urso.
925 746 1019 791 nnnc.
1035 746 1089 815 Ιιη.
1108 742 1209 790 5-10,

421 928 455 989 et
487 926 624 1004 urgento
657 924 841 1000 contextus,
874 924 966 985 totus
994 925 1026 984 ct
1050 940 1141 998 curo,
1166 921 1315 986 Insideat
1337 924 1438 987 celeri
1462 943 1539 987 con-

421 1036 612 1121 spiciendus
637 1056 753 1120 equor,
787 1037 829 1101 IL
855 1037 884 1113 3,
910 1038 971 1101 52:
1006 1036 1159 1101 «Incedct
1182 1037 1279 1103 donis
1303 1039 1540 1122 conspiciendo

421 1153 525 1217 meis»
553 1157 587 1217 st
608 1152 661 1217 IV.
691 1152 720 1229 6,
752 1152 856 1217 3-4ε
896 1151 974 1215 «tibi
999 1172 1034 1216 se
1058 1152 1232 1218 lectissime
1255 1156 1405 1237 compsit
1432 1152 1541 1219 Staret

421 1272 460 1331 ut
483 1272 561 1332 unte
583 1272 660 1333 tuos
683 1268 920 1351 conspiciendo
943 1270 1068 1334 focos».

466 1382 502 1448 V.
528 1383 648 1448 5-10.
673 1381 743 1448 Aut
765 1384 935 1469 othmultu
960 1384 1029 1449 mci
1050 1389 1253 1451 renoverortt
1283 1386 1405 1471 iugero
1437 1385 1541 1466 tauri,

421 1505 499 1583 post
515 1491 697 1565 ‘domorum
728 1500 933 1564 urbcncrum
964 1500 1247 1583 magnificentium
1280 1522 1434 1584 agrorum
1465 1502 1540 1566 lcti-

422 1616 540 1681 iundic
562 1618 809 1693 commemorat,
833 1619 871 1678 ut
893 1615 963 1680 Tib.
988 1602 1031 1681 Π.
1056 1616 1087 1694 3,
1111 1619 1164 1683 41.
1183 1638 1252 1701 sqq.
1270 1617 1317 1682 Oi.
1336 1618 1417 1682 Hor.
1435 1617 1539 1700 Epod.

426 1735 453 1810 1,
479 1733 628 1798 25—26:
666 1732 759 1797 «Non
776 1734 815 1796 ut
837 1732 987 1797 iuvencis
1011 1733 1151 1816 inligata
1174 1734 1326 1817 pluribus
1350 1736 1468 1799 Arotm
1490 1734 1540 1797 ni·

423 1853 539 1915 untur
569 1868 662 1913 mec»
699 1851 732 1911 et
757 1848 854 1930 Prop.
879 1848 934 1913 IV.
963 1850 989 1925 1,
1019 1851 1098 1914 129:
1137 1851 1239 1915 «Nom
1263 1854 1321 1914 tuc
1345 1871 1420 1914 cum
1443 1851 1541 1914 multi

423 1970 594 2032 versarent
626 1984 704 2027 ruru
734 1965 898 2029 iuvenci».
923 1998 968 2009 —
997 1965 1131 2029 multo.
1151 2015 1159 2030 .
1181 1966 1334 2052 .c'u9ero,
1360 1969 1398 2029 ut
1420 1966 1490 2029 Tib.
1514 1966 1539 2029 I.

426 2086 454 2161 1,
481 2086 519 2146 i:
548 2081 608 2145 «Et
630 2085 744 2145 teneat
767 2080 848 2144 culti
870 2081 987 2162 iugero
1009 2080 1116 2145 multa
1140 2082 1235 2145 soli».
1260 2119 1305 2126 -
1327 2088 1541 2165 renovarent,

422 2200 627 2262 inverterent
650 2197 830 2281 quotannis
854 2195 963 2261 denuo
988 2196 1030 2260 cd
1052 2217 1175 2261 novum
1199 2198 1384 2276 sctionem;
1404 2200 1542 2263 verbum

423 2312 606 2378 renovandi
628 2313 690 2377 toli
714 2332 815 2377 sensu
838 2312 926 2395 opud
948 2313 1126 2395 scriptores
1149 2312 1320 2395 Lygdumo
1336 2315 1542 2399 antiquiores

301 2509 309 2526 x
423 2449 494 2493 non
517 2429 667 2492 occurrit
692 2426 900 2510 Lygdamum
924 2428 1076 2492 imitatur
1099 2428 1156 2494 Ov.
1180 2430 1251 2494 Am.
1277 2432 1303 2495 I.
1329 2433 1358 2507 3,
1384 2434 1427 2496 9:
1458 2434 1542 2497 «Nec

423 2564 519 2608 meus
542 2544 729 2608 innumeris
752 2548 933 2607 renovetur
955 2564 1094 2627 campus
1119 2546 1268 2621 crctris»,
1303 2546 1381 2611 Met.
1406 2548 1432 2612 Ι.
1460 2551 1540 2615 11οε

429 2662 513 2725 «Nec
537 2665 717 2725 renovatus
741 2679 820 2742 eger
848 2660 994 2742 gravidis
1027 2661 1168 2725 ccnebct
1200 2662 1342 2738 cristis»,
1367 2662 1447 2727 Met.
1472 2663 1540 2727 XV.

428 2779 505 2843 125:
534 2777 673 2841 «durum
696 2781 913 2842 renovaverat
937 2798 1070 2842 ervum»
1100 2781 1133 2841 et
1155 2778 1244 2842 Fust
1269 2777 1293 2842 L
1322 2780 1402 2844 159:
1441 2780 1541 2844 «Tum

423 2896 550 2980 potitur
572 2896 682 2959 cultus
702 2915 780 2978 eger
802 2898 835 2958 et
857 2898 1038 2960 renovetur
1054 2897 1195 2959 crctros.
1212 2930 1256 2939 -
1272 2898 1364 2959 terro
1385 2894 1540 2981 bcuiyrm,

330 3041 337 3054 ·
422 3011 553 3086 fertilis,
588 3031 627 3073 ex
657 3010 727 3073 Tib.
751 3010 777 3086 I,
803 3011 832 3085 3,
858 3010 920 3075 62:
959 3009 1091 3073 «Floret
1118 3010 1265 3074 odorctis
1287 3014 1376 3075 terru
1397 3010 1543 3093 benigno

424 3128 551 3202 rosiso;
584 3127 624 3189 ci.
659 3124 716 3190 Ov.
750 3126 824 3189 Am.
856 3125 882 3189 Ι.
920 3126 969 3202 10,
1003 3126 1065 3190 56;
1103 3125 1268 3189 «Praebect
1290 3126 1421 3191 Alcinoi
1444 3148 1544 3210 poma

426 3242 591 3323 benignus
615 3262 723 3325 eger».
746 3277 787 3286 -
809 3238 876 3307 Sed
896 3242 1006 3306 tecum
1027 3244 1065 3305 ut
1090 3240 1201 3326 tooyae
1224 3242 1391 3333 sociarem
1413 3242 1545 3329 youdio

426 3358 516 3441 vitae,
547 3362 586 3421 ut
615 3356 737 3439 gaudio
759 3377 835 3420 mcc
858 3357 1021 3421 sociarem
1045 3376 1121 3421 cum
1144 3342 1274 3439 gaudiis
1298 3360 1384 3434 tuis;
1409 3360 1447 3423 cf.
1474 3360 1542 3423 Tib.

425 3475 451 3541 L
477 3477 506 3550 6,
533 3474 690 3540 -63—64:
731 3494 900 3557 «proprios
925 3494 986 3557 ego
1009 3478 1129 3549 tecum,
1155 3471 1206 3538 Sit
1228 3473 1327 3538 modo
1352 3476 1411 3551 fus,
1438 3496 1545 3539 cnnos

427 3592 649 3658 contribuisse
672 3590 790 3655 velim»
819 3595 853 3654 et
876 3589 990 3656 Senec.
1015 3590 1119 3674 Epist.
1147 3590 1184 3653 3:
1218 3588 1319 3655 «Cum
1344 3592 1450 3657 emico
1475 3613 1544 3656 om·

427 3728 488 3773 nes
511 3694 615 3781 curos,
642 3726 758 3771 omnes
782 3706 1002 3789 cogitationes
1026 3711 1102 3769 tuos
1125 3706 1258 3770 misce».
1283 3744 1328 3751 —
1357 3705 1466 3791 Inque
1489 3709 1545 3771 tuo

427 3821 561 3889 coderet
584 3824 705 3886 costra
727 3825 861 3886 senecta
884 3820 975 3901 circu,
1000 3823 1041 3886 cf.
1065 3822 1162 3904 Prop.
1185 3820 1239 3886 IV.
1268 3823 1317 3901 11,
1344 3822 1404 3887 ct:
1442 3820 1545 3886 «Con-

428 3938 503 4003 ditc·
523 3941 601 4002 sunt
623 3940 734 4002 vestro
758 3937 887 4001 luminu
910 3941 1026 4001 nostre
1050 3938 1145 4002 sinuo
1174 3942 1207 4003 et
1230 3936 1286 4003 Ov.
1313 3938 1408 4003 Trist
1433 3938 1486 4003 IV.
1514 3940 1543 4014 8,

430 4055 576 4121 11-·-1s:
616 4053 739 4137 «Inque
775 4054 852 4118 sinu
886 4053 1030 4117 dominae
1063 4055 1212 4136 cerisque
1245 4054 1414 4118 sodolibus
1444 4054 1545 4135 inque

417 4168 571 4237 -Securus
594 4170 703 4252 pctric
726 4169 943 4233 consenuisse
966 4188 1074 4233 mec».
1106 4206 1151 4213 -
1183 4167 1315 4234 coderet
1344 4173 1465 4233 nostro
1488 4188 1545 4235 se-

428 4290 536 4362 ceca,
563 4285 745 4350 occiderem
769 4305 830 4367 ogo
857 4306 976 4362 senex;
1010 4285 1213 4350 obstructum
1236 4304 1297 4368 pro
1321 4286 1485 4363 concreto,
1509 4290 1547 4350 ut

429 4424 530 4485 supro,
554 4402 596 4467 ΙΙ.
624 4404 682 4468 13:
717 4423 817 4466 occrae
841 4403 958 4466 matris
991 4403 1148 4466 comitutu
1181 4401 1337 4477 doloreo3
1372 4400 1441 4465 Tib.
1465 4402 1489 4465 I.
1516 4404 1545 4476 ἰ),

421 4522 493 4585 ·11·:
525 4520 638 4583 ‘amalo
670 4520 699 4583 si
730 4539 796 4602 quc
827 4520 889 4583 tibi
921 4519 1004 4584 dixit
1034 4520 1202 4584 dementis
1225 4522 1358 4583 nostro»
1386 4520 1406 4582 i.
1435 4540 1462 4582 c.
1487 4538 1547 4601 ego
