3834 5492
721 752 762 796 ru>
782 740 876 795 arcu.
896 751 990 797 saue.
1009 752 1030 795 1.
1050 749 1079 795 15
1093 748 1162 795 ---18.
1472 730 1506 781 35

387 928 536 999 involvat
566 906 739 1013 papyrum.
772 964 815 975 -
843 947 968 1007 comae,
993 928 1093 993 fibras
1117 929 1235 1010 papyri
1260 932 1437 992 exstantes.
1462 963 1505 970 —

387 1047 601 1132 Summaque
620 1048 791 1131 praelccct
814 1046 926 1111 laricis
949 1045 1093 1130 saslipiu
1108 1043 1240 1124 charta,
1258 1045 1422 1127 superio-ri
1439 1064 1504 1107 erre

386 1158 495 1229 libelli
523 1160 717 1245 praefigatur
736 1162 895 1226 schedula
918 1165 1068 1242 angusta,
1096 1161 1148 1223 cui
1171 1159 1371 1225 inscribatur
1395 1152 1505 1226 aucto-

388 1280 434 1343 ris
467 1298 602 1342 nomen.
634 1277 715 1342 Haec
748 1267 906 1341 schedula
939 1275 1118 1340 vocabatur
1150 1276 1250 1339 index
1272 1277 1340 1340 sive
1368 1277 1505 1353 titulus3

388 1398 429 1460 cf.
453 1392 511 1459 Ov.
537 1394 585 1458 Ex
607 1395 702 1458 Pone.
727 1394 782 1458 IV.
809 1395 859 1469 13,
886 1395 925 1459 7:
954 1393 1048 1474 «Ipse
1072 1412 1202 1475 quoque
1225 1395 1263 1456 ut
1287 1392 1408 1456 charra
1427 1393 1506 1457 tibu-

387 1512 459 1576 lum
482 1511 523 1575 de
547 1513 657 1575 fronte
681 1512 830 1585 revelles,
856 1509 951 1589 Quod
975 1510 1018 1572 sit
1042 1528 1125 1590 opus
1140 1508 1255 1574 videor
1277 1509 1385 1574 dicere
1408 1530 1507 1593 posse

388 1627 518 1691 buum».
549 1663 590 1672 —
612 1626 724 1693 tenuis
745 1678 751 1690 .
771 1675 778 1689 .
800 1674 807 1688 .
828 1623 958 1704 chalda,
984 1629 1144 1707 angusba3
1177 1626 1218 1689 cf.
1241 1623 1323 1691 Hor.
1348 1625 1457 1692 Oarm.
1480 1628 1506 1692 Ι.

393 1745 445 1818 33,
472 1747 511 1808 5:
548 1745 734 1825 «insignem
765 1741 859 1805 tenui
891 1742 1000 1805 fronbe
1027 1716 1221 1823 Lycorida».
1246 1780 1291 1788 -
1313 1740 1444 1823 charla,
1469 1765 1507 1809 ex

392 1836 582 1923 couieciura
605 1858 761 1933 Beckeri;
785 1858 825 1921 cf.
850 1857 938 1919 infra
962 1855 1038 1920 adn.
1062 1856 1132 1920 crib.
1158 1856 1199 1920 ad
1223 1857 1255 1922 h.
1279 1858 1300 1923 1,
1325 1894 1370 1904 -
1395 1859 1508 1925 littera

389 1973 509 2049 rerba,
532 1971 650 2037 bibilus
675 1973 766 2036 enim
790 1970 1023 2053 eperisrubro
1047 1971 1158 2035 colore
1183 1972 1394 2049 scribebabur,
1418 1974 1507 2039 unde

390 2090 448 2154 Or.¹
474 2090 570 2153 Trisb.
593 2090 618 2153 L
647 2091 674 2162 1,
701 2092 740 2155 7:
769 2089 905 2153 «titulus
927 2088 1057 2152 minio.
1075 2137 1083 2152 .
1101 2136 1109 2152 .
1127 2091 1279 2152 nobebur»
1308 2094 1340 2153 et
1362 2088 1506 2154 Martial.

390 2207 448 2271 Ill.
474 2207 504 2282 l,
531 2208 589 2271 11:
629 2205 688 2269 «Et
719 2225 816 2269 cocco
840 2204 956 2268 rubeeb
981 2205 1142 2288 superbus
1167 2204 1296 2268 index».
1319 2242 1363 2249 —
1389 2204 1507 2284 rubra,

390 2344 430 2386 ex
452 2342 527 2385 mea
550 2322 758 2399 coniectura;
790 2323 830 2385 cf.
855 2322 944 2385 inira
968 2320 1042 2385 adn.
1067 2321 1137 2385 crit.
1163 2320 1206 2385 ad
1228 2322 1261 2385 h.
1284 2322 1308 2385 l.
1332 2357 1375 2365 —
1398 2318 1509 2407 Atque

390 2438 481 2503 irater
510 2436 666 2523 pumileas
691 2436 885 2521 pirrpantur
915 2454 1045 2501 rernm
1076 2436 1217 2521 frerrtcs,
1241 2441 1393 2501 extrema
1415 2438 1508 2503 volu-

391 2554 493 2617 minis
526 2573 591 2616 crae
623 2553 788 2633 impactus
822 2557 893 2615 erat
914 2550 1064 2627 bacillus,
1090 2553 1144 2615 cui
1166 2552 1251 2615 liber
1273 2553 1507 2618 circumvolve·
1547 2602 1549 2606 ,

392 2672 502 2732 retur:
525 2668 639 2732 Partes
671 2664 772 2733 huius
805 2668 918 2732 bacilli
945 2671 1097 2731 extremae
1121 2668 1306 2732 intereras
1330 2668 1408 2732 libri
1431 2690 1508 2733 con·

391 2777 498 2849 voluti
531 2806 631 2867 supra
663 2789 696 2848 et
728 2786 816 2849 infra
848 2786 1014 2848 exstantes
1046 2774 1251 2848 uocabantur
1277 2805 1411 2863 cernua,
1438 2806 1509 2868 quae

392 2898 597 2963 ornabantur
612 2920 694 2964 auro
712 2894 1008 2982 aut’pingebanbur·
1024 2898 1162 2962 diversis
1179 2900 1355 2965 coloribus.
1380 2901 1510 2984 Lygda-

392 3019 486 3077 mum
517 3017 701 3098 respiciunt
733 3015 790 3080 Ov.
820 3015 920 3109 ‘Trisb
954 3016 979 3080 Ι·.
1002 3018 1035 3091 ’1,
1061 3018 1101 3081 8:
1137 3013 1305 3080 «Candida
1330 3039 1393 3083 nec
1415 3021 1511 3103 nigra

393 3110 517 3192 cernua
541 3131 650 3194 fronte
674 3152 788 3213 geras»
817 3136 848 3194 et
870 3130 1098 3195 Marcialrlll.
1125 3132 1153 3208 l,
1179 3132 1284 3197 8-9:
1314 3133 1374 3197 «Et
1392 3136 1512 3201 frontis

393 3247 527 3327 gemino
561 3245 680 3311 decens
715 3249 842 3311 honore
876 3247 978 3311 Pictis
1012 3248 1187 3311 luxurieris
1219 3248 1418 3327 umbilicis»,
1454 3252 1512 3316 ubi

393 3360 549 3427 umbilici
572 3383 697 3427 cornua
721 3362 918 3445 significant.
952 3398 997 3407 —-
1027 3364 1183 3447 pemeus
1204 3414 1211 3428 .
1233 3414 1240 3428 .
1259 3416 1266 3429 .
1286 3364 1430 3449 saeratae,
1454 3388 1512 3433 ora

396 3478 548 3559 superior
571 3481 604 3542 et
626 3479 765 3543 inferior
790 3478 878 3553 libri,
911 3481 949 3541 ub
982 3478 1070 3560 apud
1103 3477 1160 3543 Ov.
1195 3478 1290 3543 Trisb.
1325 3479 1350 3545 I.
1388 3482 1417 3561 1,
1455 3484 1513 3549 11:

386 3588 486 3656 =clleo·
507 3593 617 3676 fragili
648 3596 789 3676 geminae
821 3595 993 3676 poliantur
1023 3594 1153 3676 pumice
1188 3595 1345 3659 frontes».
1380 3632 1424 3678 7-
1457 3595 1515 3666 Sic

396 3707 519 3773 etenim
554 3713 725 3793 coaptum
757 3710 889 3775 relidere
922 3712 1054 3794 opertet
1080 3726 1177 3793 epac,
1200 3730 1280 3773 nam
1303 3712 1387 3775 varii
1410 3733 1514 3777 mem-

395 3825 517 3901 branae,
553 3826 639 3902 libri,
672 3827 763 3890 ciculi
797 3830 829 3889 et
861 3846 1024 3890 cornuum
1056 3827 1185 3891 colores
1216 3830 1295 3890 sunl
1318 3834 1515 3893 ornamenta

385 3922 482 4004 'rara
507 3921 718 4007 contrarium
743 3943 823 4007 area
847 3940 904 4007 ον.
929 3943 1026 4007 rusa
1050 3942 1075 4007 1.
1103 3944 1130 4019 1,
1157 3943 1254 4007 a-r.
1278 3918 1318 4007 ‘ue
1335 3944 1418 4009 uuo
1437 3964 1514 4009 suo:
1603 4014 1610 4028 ἱ

401 4056 517 4132 «Vade,
553 4058 611 4121 sed
643 4058 800 4134 incultus,
834 4058 967 4140 qualem
999 4058 1093 4121 decet
1125 4058 1247 4121 exsulis
1272 4078 1363 4123 esse:
1385 4057 1516 4124 'Infelix

397 4158 548 4237 habitum
571 4175 732 4257 temporis
756 4174 857 4237 huius
880 4174 998 4237 habe».

441 4289 478 4353 V.
508 4289 646 4355 15-18.
672 4287 738 4355 Per·
763 4309 822 4355 vos
854 4294 926 4368 ebe,
959 4292 1080 4372 iunge:
1115 4311 1172 4354 oro
1206 4311 1275 4366 vos,
1309 4290 1423 4369 Musae,
1457 4314 1517 4374 per

398 4404 579 4469 Castaliam
613 4406 767 4470 umbram
798 4406 990 4487 Pieriosque
1024 4408 1135 4480 lacus;
1171 4408 1207 4469 iu
1239 4408 1392 4471 formulis
1426 4410 1517 4472 enim

401 4522 589 4585 obtestandi
612 4523 804 4604 praepositio
819 4542 881 4607 per
897 4522 1080 4604 saepissime
1101 4525 1290 4586 removetur
1307 4543 1326 4585 a
1341 4496 1420 4587 casu
1437 4544 1517 4599 su0;

1377 4646 1410 4697 3*
