3834 5492
773 692 817 734 ΔΙ)
835 690 947 736 Penne.
971 686 1123 734 183-189.
1463 668 1516 720 119

387 871 463 947 lius,
487 870 649 933 Horatius
674 871 707 932 et
729 867 932 950 Propertius,
957 866 995 929 in
1020 865 1255 930 distributione
1278 885 1433 947 agrorum
1459 868 1512 932 in·
1637 857 1639 860 Α

386 990 437 1049 ter
460 988 635 1048 veteranos
659 1002 678 1046 a
702 979 888 1045 triumviris
913 1000 1002 1044 enno
1026 982 1081 1044 41.
1106 1000 1134 1044 a.
1161 978 1236 1044 chr.
1255 1000 1288 1044 n.
1307 982 1394 1044 facte
1408 982 1512 1044 maxi·

387 1120 477 1164 mam
500 1107 629 1182 partem
652 1098 848 1182 patrimonii
873 1097 1034 1160 amisisse.
1064 1095 1234 1160 Tibullum
1256 1116 1326 1159 non
1351 1095 1453 1160 fuisse
1475 1097 1513 1161 in

388 1216 503 1280 eudem
535 1216 725 1280 calamitate
756 1213 928 1277 docuimus
952 1234 984 1295 p.
1012 1212 1084 1277 136.
1111 1211 1188 1276 edit
1213 1215 1316 1275 nostr.
1342 1209 1390 1276 Gi
1414 1210 1511 1295 Prop.

386 1331 441 1395 IV.
477 1334 505 1406 1,
542 1331 727 1396 tae—130.
753 1328 793 1393 de
818 1350 871 1392 se:
911 1329 1014 1392 «Nam
1036 1333 1096 1392 tue
1119 1349 1195 1391 cum
1216 1326 1316 1392 multi
1339 1332 1514 1392 versarent

387 1467 465 1510 rura
496 1447 637 1522 iuvenci,
670 1443 819 1509 Abstulit
851 1444 996 1508 excultas
1028 1444 1159 1526 pertica
1185 1444 1291 1508 tristis
1324 1464 1435 1525 opes».
1467 1481 1511 1488 -

387 1561 510 1628 domus
544 1561 627 1641 clia,
659 1560 848 1644 magnifica.
877 1598 921 1606 —
944 1561 1077 1644 reiteret,
1101 1560 1226 1625 divitiis
1251 1561 1448 1643 splenderet,
1474 1563 1513 1624 ut

385 1676 467 1741 Hor.
493 1675 559 1741 Sat
584 1677 626 1740 Il
641 1679 670 1752 5,
693 1676 752 1740 la:
783 1695 854 1739 «res
870 1676 929 1739 ubi
940 1695 1070 1757 magna
1085 1675 1172 1739 nitet
1188 1674 1325 1739 domino
1342 1695 1453 1740 sene».
1466 1713 1511 1719 —

388 1791 453 1857 Cui
475 1792 615 1878 fueraut
637 1791 721 1875 flavi
745 1789 893 1858 ditantes
917 1789 1038 1856 ordine
1062 1791 1152 1857 sulci
1184 1789 1320 1857 Horrea
1345 1790 1510 1877 (marmus

386 1904 434 1971 cd
466 1904 661 1990 deficientia
694 1905 832 1987 messis>
860 1907 881 1970 i.
920 1927 947 1971 e.
984 1906 1037 1969 cui
1073 1907 1209 1970 fuerunt
1242 1905 1336 1971 flava
1371 1909 1508 1989 segetes,

386 2041 458 2102 quae
492 2020 609 2085 ordine
636 2021 716 2100 (alia
748 2025 825 2103 post
856 2021 972 2100 eliam)
994 2020 1153 2084 comesse
1177 2019 1368 2084 ditaveumt
1390 2021 1512 2084 horrea

385 2135 428 2200 ed
460 2135 618 2200 fecundas
651 2155 776 2200 messes
811 2134 1018 2212 deficientia;
1051 2138 1090 2202 cf.
1124 2136 1220 2219 Verg.
1256 2135 1314 2202 Ge.
1349 2137 1390 2202 II.
1425 2138 1509 2202 518:

390 2253 641 2336 «Proventuque
680 2255 796 2317 oneret
837 2251 947 2316 sulcos
981 2255 1079 2334 atque
1113 2253 1234 2317 horrea
1266 2253 1409 2317 vincat».
1446 2250 1511 2315 Sed

387 2368 599 2434 scribendum
622 2371 781 2434 fortasse:
812 2369 918 2452 «flavo
943 2367 1090 2434 ditantes
1114 2368 1231 2433 ordine
1248 2368 1331 2433 sulci
1346 2368 1509 2443 Horrea,

385 2491 423 2549 ut
445 2485 558 2570 flocus
580 2483 663 2550 ordo
689 2483 853 2567 significet
869 2485 991 2548 seriem
1007 2484 1177 2549 sulcorum
1192 2486 1359 2549 frumento
1375 2489 1509 2549 maturo

384 2599 628 2665 flavescentem
653 2637 698 2643 —-
720 2598 803 2683 flavi
819 2647 827 2664 .
845 2650 851 2662 .
872 2651 879 2662 .
898 2597 995 2674 sulm,
1020 2604 1157 2681 propter
1176 2601 1382 2663 frumentum
1400 2603 1508 2663 metu-

384 2737 476 2793 rum3
512 2717 550 2780 ef.
584 2715 681 2797 Verg.
717 2713 774 2780 Ge.
808 2714 834 2778 Ι,
865 2715 1060 2780 316-317;
1090 2736 1184 2778 «cum
1206 2714 1302 2780 flavis
1325 2694 1508 2779 messorem

384 2830 556 2896 induceret
588 2831 676 2895 arvis
703 2830 888 2911 Agricola».
922 2867 967 2874 --—
1000 2827 1136 2895 Horrea
1159 2826 1325 2915 secundos
1349 2827 1396 2894 ad
1418 2828 1505 2916 defi·

384 2945 511 3012 cicuitu
544 2945 681 3028 eccesie,
716 2967 788 3029 quse
821 2967 938 3029 capere
962 2965 1032 3010 non
1055 2949 1237 3029 potuerunt
1254 2965 1416 3028 magnam
1439 2947 1507 3009 fru-

383 3063 490 3126 menti
522 3062 653 3144 copiam
665 3085 673 3138 ;
707 3063 747 3126 cf.
771 3061 868 3144 Verg.
894 3061 952 3127 Ge.
977 3062 1003 3127 L
1032 3064 1090 3128 19:
1121 3062 1234 3126 «nlius
1256 3062 1430 3125 immensae
1453 3081 1508 3124 ru·

384 3183 507 3261 perunt
522 3179 643 3243 horrea
658 3199 817 3244 messes».
834 3216 879 3224 -
893 3197 995 3263 pecus
1013 3230 1020 3243 .
1040 3231 1047 3243 .
1066 3230 1072 3242 .
1089 3177 1285 3264 pascebant,
1305 3164 1507 3241 constructio

383 3293 426 3358 ad
458 3295 689 3372 intellectum
719 3315 828 3380 pecus
860 3297 1031 3361 collective
1059 3296 1195 3372 dictum,
1220 3295 1259 3358 ut
1280 3294 1361 3358 Hor.
1387 3291 1455 3358 Set.
1480 3291 1506 3355 Ι.

384 3411 413 3484 3,
441 3411 637 3476 109-110:
676 3409 778 3475 «Cum
811 3413 1050 3493 prorepserunt
1073 3410 1191 3493 primis
1215 3409 1376 3474 animalia
1397 3408 1507 3483 terris,

383 3524 515 3588 Mutum
545 3530 578 3589 et
611 3530 708 3609 turpe
739 3545 873 3608 pecus».
906 3563 952 3570 -
982 3525 1185 3610 poscebant,
1215 3522 1445 3608 depascebant
1469 3526 1508 3585 ut

382 3640 478 3723 Verg.
514 3638 571 3705 Ge.
602 3640 657 3706 IV.
694 3643 889 3708 538-539:
928 3645 1069 3720 «tauros,
1103 3643 1161 3725 qui
1192 3641 1255 3706 tibi
1277 3637 1506 3704 nuneviridis

382 3755 566 3837 depascunt
590 3775 721 3820 summe
743 3755 884 3840 Lycaei».
902 3796 946 3803 —
970 3756 1015 3823 Et
1038 3756 1176 3823 domiuo
1201 3756 1287 3824 eatis
1310 3760 1340 3822 et
1359 3753 1507 3821 nimium

381 3867 520 3955 furique
554 3869 711 3954 lupoque,
741 3871 853 3936 locum
876 3874 1040 3954 respicere
1063 3873 1196 3937 videtur
1216 3871 1287 3935 Tib.
1311 3871 1336 3934 L
1365 3872 1393 3948 1,
1419 3869 1507 3934 33-

384 3985 443 4048 34:
460 3983 521 4047 «At
529 4004 589 4049 vos
600 3985 717 4067 exiguo
724 3987 845 4068 pecori,
855 3988 1011 4070 furesque
1018 3988 1164 4071 lupique,
1172 3987 1317 4052 Parcite:
1330 3987 1371 4050 de
1382 4004 1506 4067 magno

383 4103 434 4164 est
444 4100 556 4182 praede
567 4101 713 4183 petenda
724 4121 854 4184 grege«.
867 4140 911 4148 —
928 4100 1017 4168 Cum
1032 4122 1164 4170 memor
1179 4109 1258 4171 cute
1271 4106 1362 4168 actos
1373 4119 1507 4187 semper

382 4211 482 4279 dolor
505 4213 667 4281 admonet
683 4233 807 4299 accos,
823 4219 863 4282 cf.
879 4218 977 4300 Prop.
995 4218 1022 4282 Ι.
1041 4220 1091 4295 18,
1112 4219 1172 4283 13:
1203 4216 1382 4296 «Quamvis
1398 4217 1506 4281 multe

380 4329 443 4394 tibi
475 4329 571 4396 dolor
604 4331 659 4396 hic
690 4352 786 4398 meus
820 4353 937 4416 espera
969 4335 1097 4400 debete.
1131 4373 1175 4380 -
1202 4332 1506 4414 adscendentem,

382 4447 488 4510 rarior
511 4448 737 4512 constructio:
762 4469 837 4512 cum
862 4451 1049 4515 accusativo
1073 4455 1169 4515 certae
1193 4451 1243 4514 rei
1265 4469 1325 4532 pro
1347 4453 1503 4531 genitivo.
