3834 5492
419 651 453 702 96
827 671 869 713 an
888 669 1000 713 rinae.
1024 666 1136 713 12-17.

419 849 477 913 ubi
509 849 697 931 insepultus
730 849 859 912 iaoeret.
895 846 968 925 Quo
1000 866 1076 910 eum
1107 847 1264 923 venisset,
1296 866 1397 928 super
1419 863 1540 928 eorpus

420 965 568 1046 parentis
600 965 637 1028 in
669 964 785 1028 arbore
819 963 1000 1045 suspendio
1028 983 1063 1027 se
1087 963 1241 1027 necavit.
1259 1012 1267 1027 .
1287 1013 1292 1024 .
1312 959 1377 1039 Qui
1400 962 1539 1026 deorum

420 1079 591 1143 voluntate
635 1079 671 1142 in
710 1083 875 1143 astrorum
913 1098 1091 1142 numerum
1127 1081 1206 1142 sunt
1242 1077 1353 1142 delati.
1393 1068 1540 1159 Erigone

421 1195 554 1276 signum
598 1191 745 1281 Virpe'nis
774 1242 781 1257 .
808 1244 815 1258 .
844 1245 850 1258 .
876 1193 1002 1259 Iearius
1035 1191 1201 1259 Arcturus
1232 1194 1269 1256 in
1302 1192 1466 1257 sideribus
1489 1196 1542 1256 est

421 1311 536 1388 dictus,
563 1312 655 1374 oanis
679 1314 790 1374 autem
813 1309 916 1374 Maera
941 1306 1139 1375 Canicula».
1164 1347 1209 1352 -
1232 1313 1327 1394 erepet
1345 1327 1387 1374 rw
1404 1308 1541 1395 loopr'or

421 1431 516 1505 cetea,
539 1429 706 1503 remotior,
733 1428 845 1491 serior.

465 1543 502 1608 V.
532 1545 669 1608 12-17.
694 1541 838 1619 Aloidae,
856 1542 1018 1606 Hercules
1028 1563 1037 1618 ς
1060 1541 1181 1606 Aloeus
1197 1542 1296 1617 enim,
1314 1541 1424 1606 Persei
1438 1540 1539 1618 filius,

422 1664 492 1724 erat
515 1665 610 1742 pater
632 1660 896 1742 Amphitryonis,
922 1675 1005 1724 avus
1027 1658 1191 1722 Herculis.
1216 1695 1261 1702 -—
1287 1654 1384 1724 Loeta
1407 1656 1540 1725 Molor-

423 1774 513 1841 cheis
532 1775 651 1860 poeur‘t
675 1775 816 1861 vestipio
839 1775 941 1853 testie,
966 1775 1113 1839 fabulam
1136 1777 1251 1838 narrat
1272 1774 1424 1856 Apellen
1448 1775 1490 1841 IL
1510 1779 1539 1853 5,

425 1896 461 1957 1:
496 1891 512 1957 ὁ
539 1891 699 1980 Ἡρακλῆς
732 1889 777 1964 εἰς
801 1889 940 1977 Τίρυνθα
968 1887 1050 1976 ἦλθε
1078 1894 1132 1955 καὶ
1154 1894 1192 1954 τὰ
1214 1895 1460 1977 προσταττόμενα
1483 1887 1542 1957 ὑπὸ

422 2004 610 2094 Εὐρυσθέως
635 2006 742 2072 ἐτέλει.
768 2006 893 2092 Πρῶτον
918 2011 974 2092 μὲν
999 2000 1050 2070 οὖν
1070 2005 1212 2078 ἐπέταξεν
1234 2002 1316 2091 αὐτῷ
1338 2014 1391 2071 τοῦ
1414 2005 1541 2096 Νερέοο

421 2126 543 2197 λέοντος
562 2127 616 2211 τὴν
640 2125 733 2209 δορὰν
756 2125 890 2209 κομίζειν
909 2172 917 2186 .
936 2170 943 2185 .
961 2172 969 2186 .
988 2121 1201 2207 Πορευόρενος
1221 2117 1273 2187 οὖν
1296 2121 1345 2188 ἐπὶ
1356 2128 1413 2188 τὸν
1431 2125 1542 2190 λέοντα

421 2236 520 2327 ἦλθεν
543 2237 588 2314 εἰς
608 2241 756 2312 Κλεωνὰς
780 2243 834 2304 καὶ
853 2239 1000 2312 ξενίζεται
1022 2235 1094 2322 παρ’
1112 2235 1199 2323 ἀνδρὶ
1214 2243 1349 2325 χερνήτῃ
1374 2237 1542 2328 Μολόρχῳ.

423 2357 470 2423 Of.
503 2356 600 2438 Verg.
634 2357 715 2420 Aen.
749 2356 836 2420 VIII.
873 2355 1058 2419 eoa-365.
1091 2354 1258 2433 (Euander
1290 2354 1333 2418 ad
1363 2356 1540 2435 Aeneam):

427 2475 515 2538 ehaeo
538 2511 581 2516 --
604 2473 714 2554 inquit
737 2509 780 2516 -
803 2471 924 2535 limina
945 2471 1052 2536 victor
1074 2470 1206 2534 Aloides
1230 2471 1341 2546 subiit,
1359 2472 1430 2536 haeo
1444 2473 1542 2538 illum

423 2591 514 2671 regia
537 2589 633 2672 oepit.
664 2587 766 2664 Ande,
800 2588 931 2669 hospes,
957 2590 1172 2651 contemnere
1196 2607 1276 2668 opes
1300 2590 1333 2651 et
1356 2592 1389 2651 te
1412 2609 1544 2671 quoque

423 2705 560 2788 dignum
593 2705 698 2788 Finge
732 2705 793 2768 deo
826 2704 991 2786 rebusque
1015 2703 1091 2766 veni
1115 2723 1184 2766 non
1208 2723 1305 2785 asper
1329 2705 1475 2786 egenis»,
1498 2741 1544 2750 —

425 2818 545 2887 Leto.
567 2819 774 2906 ..vestigia
807 2819 1007 2885 adieetivum
1039 2840 1098 2901 pro
1131 2819 1305 2884 adverbio:
1329 2820 1404 2883 laeto
1429 2821 1544 2884 animo

424 2937 537 3019 posuit
568 2937 716 3018 vestigia.
751 2975 794 2980 —
823 2937 942 3022 posuit
974 2936 1127 3021 vestigio,
1162 2935 1272 3019 pedes,
1302 2919 1346 2999 'ut
1367 2935 1449 2999 Hor.
1474 2932 1543 2999 Sat

423 3051 465 3117 IL
480 3055 510 3128 6,
531 3052 722 3118 tol-loa:
746 3053 859 3134 «ponit
871 3057 1010 3135 uterque
1026 3052 1067 3116 In
1082 3053 1247 3134 locuplete
1260 3050 1359 3116 domo
1371 3051 1543 3134 vestigia»,

424 3187 523 3250 quem
546 3169 658 3232 loeum
674 3173 773 3250 poeta
789 3172 866 3232 ante
883 3169 999 3232 oeulos
1015 3170 1171 3233 habuisse
1188 3168 1338 3242 videtur;
1362 3169 1402 3232 of.
1420 3164 1541 3231 Catull

425 3285 477 3362 64,
505 3285 585 3348 162ε
616 3283 781 3348 «Candida
804 3285 1015 3365 permuloens
1038 3283 1174 3365 liquidis
1200 3282 1339 3364 vestigia
1354 3282 1519 3365 lymphis»
1532 3303 1542 3358 3

424 3399 520 3481 Prop.
537 3398 562 3464 I.
582 3401 611 3474 3,
629 3402 667 3464 9;
698 3399 816 3464 «Ebria
831 3421 908 3464 oum
924 3401 1091 3464 traherem
1106 3399 1213 3463 multo
1230 3399 1370 3480 vestigia
1391 3399 1541 3463 Baoohos

425 3519 459 3580 et
473 3517 515 3580 Π.
530 3518 560 3593 9,
573 3517 636 3580 45:
657 3516 741 3579 «Neo
757 3515 894 3579 domina
909 3517 980 3580 ulla
994 3536 1069 3579 meo
1086 3518 1190 3597 ponet
1204 3515 1345 3596 vestigia
1359 3515 1478 3580 leuto»,
1498 3551 1544 3559 -

426 3627 606 3714 Parvaque
642 3630 783 3697 celestis
816 3631 969 3716 ploravit
1001 3631 1102 3708 mico,
1135 3632 1156 3695 i.
1191 3651 1220 3696 e.
1252 3632 1340 3696 mioa
1371 3631 1456 3695 turis
1487 3632 1548 3694 aut

424 3747 517 3810 mola
548 3746 645 3821 salsa,
680 3748 729 3810 iar
756 3748 853 3811 micis
877 3747 957 3812 salis
980 3748 1130 3825 mixtum,
1155 3735 1261 3830 genus
1284 3746 1437 3810 saorifioii
1459 3747 1544 3810 anti·

427 3862 625 3944 quissimum
661 3867 693 3926 et
729 3863 1037 3945 simplicissimum
1072 3865 1111 3927 of.
1144 3863 1226 3927 Hor.
1261 3861 1368 3927 Oarm.
1401 3861 1460 3926 ΠΙ.
1490 3863 1544 3939 23,

428 3978 578 4042 18—20:
607 3977 700 4041 «Non
725 3981 923 4060 sumptuosa
945 3978 1101 4044 blandior
1123 3979 1235 4043 hostia
1249 3977 1396 4042 Mollivit
1411 3995 1547 4041 aversos

425 4096 564 4176 penates
595 4093 698 4157 Ferre
729 4095 785 4176 pio
810 4099 843 4158 et
867 4095 1007 4159 saliente
1030 4094 1156 4170 mioar3
1189 4093 1246 4159 Ov.
1270 4093 1360 4158 Fast.
1384 4093 1410 4157 L
1436 4093 1547 4158 337-

314 4223 315 4228 ’
428 4213 510 4276 338;
550 4209 664 4286 «Ante,
698 4212 776 4275 deos
809 4212 940 4276 homini
974 4210 1062 4294 quod
1094 4211 1270 4274 oonoiliare
1306 4209 1445 4286 valebat,
1480 4206 1548 4270 Far
1587 4230 1593 4235 ·

427 4329 498 4390 erat
522 4329 555 4390 et
577 4327 653 4408 puri
677 4326 788 4390 lueida
810 4328 897 4390 mica
921 4326 1020 4390 salise
1048 4331 1081 4390 et
1103 4327 1200 4390 Trist.
1223 4326 1435 4390 1L75-7e:
1463 4322 1548 4388 «See

425 4446 550 4520 tamen,
584 4445 623 4505 ut
654 4443 741 4512 tuso!
762 4447 934 4508 taurorum
968 4442 1130 4524 sanguine
1163 4448 1306 4519 eentum,
1341 4440 1395 4504 sle
1417 4441 1549 4523 eapitur
