3834 5492
393 648 429 698 32
748 668 790 710 ΔΙ)
809 666 903 712 LYGD.
923 667 1018 712 ELEG.
1037 667 1061 712 1.
1080 663 1165 711 5-8,

394 849 495 909 natus
518 844 640 910 Credor
666 847 711 924 (et
743 848 781 907 ut
813 842 936 919 credar,
970 843 1110 925 pignora
1143 842 1248 905 multa
1281 841 1387 922 dabo),
1421 844 1449 907 A
1480 846 1516 907 te

394 962 598 1045 principium
631 962 782 1026 Romano
814 960 956 1024 dicimus
980 979 1080 1034 anno,
1105 958 1234 1023 Primus
1258 957 1298 1021 de
1322 959 1431 1040 patrio
1455 978 1515 1023 no-

395 1079 487 1141 mine
510 1078 637 1142 mensis
662 1079 755 1141 erit».
780 1077 972 1159 Lygdamus
997 1084 1074 1166 ante
1099 1078 1212 1142 oculos
1236 1078 1353 1142 habuit
1376 1076 1445 1140 Tib.
1459 1074 1515 1142 IV.

397 1196 427 1270 2,
445 1196 481 1258 1:
499 1192 665 1275 «Sulpicia
681 1194 807 1257 esttibi
824 1195 913 1257 culta
928 1195 1006 1271 tuis,
1024 1192 1114 1257 Mars
1130 1214 1259 1276 magne,
1277 1193 1460 1257 kalendis».
1472 1229 1518 1237 —

398 1308 558 1385 Romani,
593 1310 670 1391 quia
701 1308 792 1372 Mars
816 1310 932 1392 genuit
955 1308 1136 1373 Romulum
1161 1312 1193 1372 et
1215 1308 1357 1371 Remum
1382 1310 1517 1390 eratque

397 1429 488 1489 tetus
504 1425 647 1507 populus
663 1424 835 1489 Romanus
851 1426 887 1488 in
904 1424 976 1489 eius
992 1425 1105 1489 tutela.
1120 1458 1163 1469 -
1179 1422 1293 1507 festoe.
1309 1472 1317 1487 .
1331 1472 1339 1488 .
1353 1421 1516 1499 lealeadce,

399 1542 522 1604 festum
549 1539 788 1604 Matronalium
821 1540 973 1604 kalendis
1005 1539 1134 1604 Martiis
1167 1540 1388 1616 celebratum
1420 1545 1519 1623 poeta

399 1649 544 1738 respexit
576 1654 646 1719 Tib.
678 1655 731 1719 IV.
758 1656 787 1730 1,
813 1657 875 1720 al:
911 1654 1025 1721 «Hanc
1048 1676 1117 1732 voe,
1141 1655 1298 1731 Pierides,
1324 1656 1418 1719 festis
1442 1675 1519 1720 can·

399 1776 467 1836 tate
490 1772 660 1836 kalendis»
679 1772 701 1835 1.
720 1793 747 1835 e.
765 1771 927 1835 celebrate
945 1771 1126 1854 Sulpiciam
1143 1771 1196 1835 die
1212 1770 1458 1837 Matronalium.
1476 1808 1521 1815 -

401 1886 574 1953 Esuriens
591 1936 598 1948 .
618 1936 625 1950 .
642 1937 649 1951 .
669 1905 795 1964 11111111,
816 1887 951 1950 initium
978 1887 1059 1951 anni
1085 1887 1171 1969 apud
1194 1890 1323 1951 veteres
1349 1886 1521 1952 Romanos

402 2005 466 2067 luit
489 2005 615 2067 mensis
638 2002 788 2080 Martius,
815 2003 880 2080 sed,
907 2024 980 2067 cum
1007 2004 1085 2067 inde
1101 2004 1143 2066 ab
1160 2024 1249 2067 annu
1265 2000 1421 2073 601l153.
1442 2023 1520 2067 con-

403 2121 493 2185 sules
528 2140 643 2184 mense
677 2121 835 2185 Ianuario
869 2122 1103 2203 magistratum
1137 2099 1269 2196 inirent,
1307 2120 1361 2183 hic
1394 2120 1522 2183 mensis

403 2238 504 2319 coepit
525 2258 586 2319 pro
610 2238 708 2301 initio
726 2238 805 2301 anni
822 2237 947 2301 haberi.
964 2274 1008 2281 —-
1029 2235 1092 2320 hie,
1106 2257 1293 2319 pronomen
1310 2236 1352 2300 ad
1367 2234 1524 2302 delendae

404 2350 769 2430 (11.1.)111111111111111,
795 2352 883 2434 quod
907 2357 1020 2416 tamen
1048 2374 1107 2436 per
1139 2354 1373 2416 attractionem
1404 2371 1524 2443 nume·⁴

404 2489 478 2532 mm
512 2472 545 2531 et
576 2488 681 2549 genus
713 2470 803 2533 vocis
827 2488 940 2534 11111118
964 2472 1023 2549 (vs.
1048 2470 1090 2549 1.)
1114 2469 1273 2551 sequitur.
1302 2504 1344 2514 —
1369 2466 1412 2533 Et
1434 2484 1523 2551 111191

404 2604 496 2651 nuuc
518 2587 609 2651 certa
632 2584 830 2651 discurrunt
852 2584 1005 2669 aridique
1023 2604 1174 2670 pompe.
1190 2638 1196 2651 .
1210 2637 1216 2649 .
1232 2604 1389 2667 munere,
1410 2584 1523 2649 locum

404 2705 481 2764 ante
506 2700 620 2764 oculos
643 2700 800 2765 habuisse
823 2700 954 2765 videtur
977 2699 1121 2765 Martial.
1151 2700 1238 2765 VIIL
1264 2700 1315 2776 33,
1342 2700 1402 2787 ‚l5z
1439 2698 1525 2762 «Nec

403 2837 488 2899 vaga
511 2821 580 2879 tam
605 2817 697 2879 tenui
716 2816 870 2879 discurrit
886 2837 1007 2880 aranea
1023 2818 1124 2881 tela».
1139 2854 1184 2861 ——
1199 2836 1309 2901 1111911.
1324 2866 1331 2880 .
1346 2865 1353 2880 .
1366 2834 1521 2893 marcere,

404 2934 441 2995 in
463 2932 545 2997 urbe
567 2932 703 3014 passim,
730 2931 880 2995 sednon
904 2933 976 2996 sine
1000 2936 1089 2997 certo
1105 2931 1171 2995 fine
1187 2932 1361 3014 vagantia;
1384 2950 1525 2995 munera

407 3049 497 3111 enim
520 3048 682 3113 matronis
708 3052 741 3112 et
762 3049 884 3130 puellis
908 3048 962 3112 die
985 3048 1225 3113 Matronalium
1248 3049 1352 3112 missa
1375 3049 1441 3113 alia
1458 3047 1527 3111 alie

405 3164 556 3229 tendunt.
582 3164 670 3256 Talis
695 3170 745 3229 est
777 3165 929 3229 adieetivi
960 3186 1041 3229 usus
1065 3166 1167 3229 etiam
1199 3165 1287 3247 apud
1319 3163 1439 3229 Catull.
1472 3164 1528 3239 64,

408 3281 491 3345 277:
529 3280 596 3343 «Ad
620 3300 655 3344 se
680 3281 817 3362 quisque
840 3300 924 3363 vago
954 3281 1081 3363 passim
1104 3280 1187 3362 pede
1212 3279 1457 3345 discedebant».
1481 3317 1527 3325 -

407 3401 499 3463 certe
515 3449 521 3461 .
540 3449 547 3461 .
566 3415 730 3481 ‚pornpcu
753 3398 850 3461 certis
873 3398 1026 3479 personis
1050 3397 1217 3461 destinata
1233 3400 1265 3460 et
1281 3400 1407 3459 certum
1423 3394 1528 3459 finem

407 3517 535 3595 petens.
568 3511 701 3596 Pompa
733 3517 845 3577 autem
868 3514 988 3577 dicitur
1011 3513 1051 3576 de
1076 3514 1179 3577 servis
1202 3532 1341 3576 munera
1364 3512 1527 3594 portanti-

408 3630 470 3693 bus
494 3631 527 3691 et
551 3628 590 3692 de
614 3629 778 3692 donorum
802 3629 952 3711 ipsorum
976 3628 1200 3705 multitudine,
1225 3630 1263 3691 ut
1285 3627 1423 3691 Plautus
1439 3624 1530 3708 apud

408 3742 553 3809 Macrob.
581 3743 713 3809 Saturn.
736 3743 779 3808 Π.
808 3743 867 3807 1⁶2:
905 3743 1005 3823 «Quis
1030 3747 1079 3807 est
1102 3744 1252 3807 mortalis
1275 3746 1371 3807 tanta
1394 3742 1529 3817 fortuna

410 3861 558 3925 adfectus
582 3880 739 3943 unquam,
766 3860 873 3939 Quam
897 3878 957 3940 ego
982 3879 1071 3923 nunc
1090 3879 1174 3934 sum,
1200 3860 1319 3941 quoius
1335 3858 1405 3922 haec
1419 3854 1529 3920 ventri

410 3981 561 4059 portatur
576 3996 717 4060 pompat
738 3977 758 4040 i.
778 3996 805 4039 e.
822 3976 888 4039 cibi
903 3976 1001 4038 multi
1020 3978 1052 4038 et
1066 3976 1161 4039 varii.
1177 4012 1221 4019 —-
1237 3972 1368 4059 Perque
1386 3972 1461 4038 etas
1475 4020 1482 4035 .
1498 4016 1527 4035 ..

406 4112 537 4179 perque
559 4092 691 4173 desnos,
725 4094 745 4157 i.
781 4113 809 4155 e.
840 4109 981 4156 munera
1004 4092 1076 4155 vias
1101 4111 1237 4155 emensa
1259 4092 1390 4153 intrant
1412 4088 1532 4153 domos
1588 4132 1591 4137 -

411 4213 650 4272 matronarum.
1333 4206 1336 4211 '

456 4326 493 4390 V.
520 4326 617 4389 5-8.
641 4322 764 4403 Dicite,
786 4322 947 4406 Pierides
972 4325 1149 4389 consilium
1174 4328 1268 4405 rogat
1300 4319 1423 4395 Musas,
1458 4337 1531 4401 quae

413 4444 444 4506 ei
467 4443 554 4506 infra
577 4462 642 4507 vsa
677 4443 796 4505 7-14.
824 4441 1028 4524 respondent
1036 4464 1045 4517 3
1080 4442 1120 4505 cf.
1146 4438 1203 4505 Ov.
1227 4420 1316 4503 Fast
1341 4436 1397 4501 VI.
1422 4435 1532 4501 799-
