3834 5492
532 1534 534 1537 ,
604 1456 697 1538 AD
725 1453 1014 1537 LYGDAMI
1040 1455 1320 1539 ELEGIAS.

449 1780 538 1859 *Quis
561 1777 662 1842 fuerit
690 1781 806 1841 auctor
837 1776 1021 1857 elegiarum
1053 1797 1119 1854 ser,
1153 1798 1224 1860 quae
1257 1778 1293 1843 in
1326 1778 1528 1847 editionibus

408 1895 531 1960 Tibulli
562 1894 661 1976 vulgo
694 1893 831 1957 tertium
863 1892 986 1956 librum
1015 1891 1173 1971 efficiunt,
1197 1894 1411 1975 ignoramus..
1427 1897 1529 1963 Poeta

408 2034 443 2076 se
476 2014 588 2095 ipsum
618 2010 695 2075 ficto
723 2010 861 2074 nomine
884 2005 1104 2093 Lygdamum
1128 2009 1274 2092 appellat
1296 2010 1338 2075 H.
1365 2012 1418 2078 29.
1450 2013 1530 2078 Fuit

408 2133 495 2194 certe
518 2129 570 2193 vir
592 2126 774 2202 Romanus,
798 2146 869 2190 non
891 2126 1122 2207 peregrinus*
1144 2129 1183 2191 ut
1196 2127 1223 2191 Ι.
1242 2127 1336 2193 1-a
1355 2129 1529 2196 docemur:

413 2244 548 2307 «Martis
571 2242 715 2307 Romani
739 2244 830 2306 festae
853 2261 974 2306 venere
1006 2242 1176 2307 kalendae:
1208 2242 1369 2309 Exoriens
1401 2246 1530 2311 uostris

410 2359 464 2421 hic
488 2358 552 2421 fuit
575 2378 683 2423 annus
707 2358 814 2423 cois».
840 2356 940 2423 Ortus
957 2362 1028 2423 erat
1043 2360 1185 2423 honesta
1201 2359 1319 2437 dom03
1343 2360 1424 2425 dicit
1439 2362 1530 2426 enim

409 2476 448 2539 de
472 2494 573 2539 uxore
606 2494 666 2537 suo
693 2472 821 2538 infideli
852 2474 906 2540 IV.
932 2475 995 2540 60:
1033 2474 1117 2539 «Neo
1148 2475 1271 2558 gaudet
1302 2481 1393 2541 casta
1425 2481 1531 2559 nupta

410 2590 524 2655 Neaera
548 2588 664 2653 domo»
694 2593 726 2653 et
749 2588 804 2655 VI.
829 2591 972 2655 59-60.
998 2591 1138 2673 opponit
1162 2591 1224 2655 sibi
1248 2592 1397 2669 rivalem,
1422 2593 1530 2657 homi·

408 2725 488 2769 nem
510 2704 693 2786 ignobilem
717 2708 750 2767 et
772 2706 945 2786 ignotum:
975 2706 1078 2787 «fugit
1100 2709 1222 2771 nostrae
1238 2707 1530 2787 conviviamensae

409 2818 569 2905 [quotum
601 2821 739 2901 cupiens
762 2840 849 2885 vena
871 2821 986 2903 puelle
1009 2824 1152 2888 torum».
1185 2822 1290 2887 Natus
1314 2827 1364 2887 est
1388 2844 1477 2887 anno
1502 2845 1529 2889 a.

410 2934 486 2999 Chr.
510 2955 544 2999 n.
568 2936 633 3011 43„
658 2954 724 3017 quo
751 2934 883 2999 Hirtius
917 2940 951 2999 et
982 2935 1092 3001 Pansa
1123 2936 1278 3001 consules
1309 2936 1398 3004 bello
1430 2938 1531 3002 Muti·

410 3052 508 3114 nensi
540 3051 720 3133 perierunt,
753 3055 792 3114 ut
825 3051 896 3133 ipse
928 3054 1072 3116 testatur
1102 3050 1139 3117 V.
1177 3054 1326 3117 17-18:
1361 3053 1532 3117 «Natalem

409 3167 519 3248 primo
551 3170 706 3230 nostrum
738 3166 848 3230 videre
881 3172 1046 3250 parentes,
1081 3188 1156 3233 cum
1179 3169 1298 3234 cecidit
1321 3172 1389 3235 foto
1414 3172 1532 3235 consul

409 3284 548 3364 uterque
572 3282 676 3365 pari».

457 3399 610 3482 Quinque
639 3398 762 3481 elegias
788 3398 915 3479 (I-IV.
941 3404 975 3465 et
997 3400 1065 3481 VI.)
1098 3403 1239 3467 sacravit
1271 3402 1377 3467 amori
1409 3404 1530 3481 uxoris,

412 3534 483 3594 quae
500 3534 577 3578 eum
593 3514 792 3581 deseruerat
809 3514 987 3581 Mulierem
1002 3517 1079 3583 ficto
1095 3520 1232 3583 nomine
1249 3518 1399 3583 Neaeram
1419 3519 1531 3601 appel·

411 3629 494 3692 lavit
516 3648 609 3693 more
632 3635 807 3712 poetarum
831 3634 1041 3699 ereticorum.
1062 3634 1171 3699 Unam
1194 3635 1336 3716 elegiam
1352 3634 1413 3713 (V.)
1430 3636 1531 3715 scrip-

413 3745 457 3808 sit
481 3742 524 3808 ad
547 3745 672 3809 amicos
696 3746 934 3814 innominatos.

457 3860 539 3925 Tota
564 3861 635 3925 eius
658 3864 771 3944 poesis
794 3865 918 3947 pendet
950 3886 970 3929 a
1002 3866 1143 3943 Tibullo,
1175 3866 1357 3948 Propertio,
1391 3864 1532 3930 Horatio

413 3981 445 4039 et
473 3975 625 4053 Catull03
657 3978 793 4059 respicit
824 3981 993 4045 interdurn
1026 3983 1126 4047 etiarn
1159 3980 1296 4064 Vergilii
1327 3980 1468 4065 Eclogas
1501 3987 1533 4045 et

414 4090 584 4173 Georgica.
617 4090 703 4156 Eum
729 4096 840 4158 autem
863 4094 1117 4178 diligentissime
1141 4098 1292 4161 imitatus
1316 4100 1365 4161 eet
1396 4096 1533 4161 Ovidius

458 4369 474 4401 *
493 4368 532 4422 Ut
549 4369 724 4439 interpretes
742 4371 876 4424 nonnulli
896 4371 971 4425 salso
991 4371 1221 4440 suspicabantur,
1241 4374 1290 4439 qui
1310 4371 1442 4425 Graecum
1456 4368 1531 4437 Lyg-

415 4455 493 4507 dami
512 4473 618 4510 nomen
637 4474 690 4527 pro
709 4476 777 4513 vero
795 4461 887 4527 poetae
906 4459 1024 4512 nomine
1044 4459 1230 4530 accipiebant.
