3834 5492
398 675 436 729 24
844 689 1071 733 innueramus,

489 873 533 937 Et
556 870 701 955 quinque
725 870 762 933 in
785 871 896 949 partes
920 871 991 931 toto
1016 866 1205 948 disponitur
1229 866 1315 931 orbe.

490 989 598 1070 Atque
622 986 695 1050 duae
718 984 828 1068 gelido
852 985 1027 1047 vastantur
1050 982 1171 1064 frigore
1196 1000 1346 1065 semper:

491 1105 565 1170 lllic
590 1109 623 1169 et
646 1103 751 1167 densa
772 1101 872 1165 tellus
897 1099 1112 1163 absconditur
1134 1098 1262 1174 umbra,

402 1251 446 1289 rar
493 1222 536 1285 Et
558 1220 654 1283 nulla
676 1218 809 1299 incepto
833 1214 1017 1298 perlabitur
1040 1213 1130 1278 unda
1154 1214 1292 1296 liquore,

494 1333 559 1401 Sed
582 1332 701 1397 durata
723 1334 808 1414 riget
831 1331 971 1395 densam
994 1330 1031 1393 in
1050 1328 1255 1412 glaciemque
1279 1328 1466 1409 niuemque,

494 1450 623 1532 Quippe
646 1448 704 1512 ubi
727 1467 797 1511 non
820 1464 980 1527 umquam
1003 1444 1101 1508 Titan
1125 1464 1224 1526 super
1248 1444 1352 1527 egerit
1376 1446 1477 1505 ortus.

494 1565 537 1627 At
560 1562 670 1627 media
694 1566 744 1626 eat
766 1560 882 1625 Phoebi
906 1580 1039 1641 semper
1064 1558 1212 1622 subiecta
1236 1558 1348 1631 calor-i,

496 1678 562 1744 Seu
584 1679 721 1762 propior
743 1678 841 1741 terris
860 1677 1013 1740 aestivum
1037 1676 1142 1738 fertur
1164 1676 1201 1737 in
1225 1675 1340 1739 orbem

406 1827 449 1865 reo
496 1795 563 1862 Seu
586 1795 674 1860 celer
696 1795 857 1859 hibernas
880 1794 1038 1875 properat
1062 1792 1234 1856 decurrere
1257 1794 1368 1855 luces:

498 1910 573 1976 Non
596 1910 698 1990 igitur
720 1927 836 1991 presso
859 1908 960 1972 tellus
986 1908 1130 1988 exsurgit
1154 1911 1274 1982 aratro,

497 2026 564 2090 Nec
587 2027 716 2107 frugem
741 2027 869 2107 segetes
892 2022 1043 2106 praebent
1065 2042 1172 2105 neque
1196 2023 1319 2105 pabula
1341 2028 1456 2087 terrae:

499 2140 575 2205 Non
598 2140 668 2203 illic
690 2138 772 2203 colit
794 2158 872 2202 arva
896 2136 989 2216 deus,
1012 2136 1203 2201 Bacchusue
1226 2136 1375 2213 Ceresue,

498 2256 599 2320 Nulla
622 2275 683 2319 nee
707 2257 840 2318 exustas
864 2254 1019 2318 habitant
1043 2252 1202 2318 animalia
1224 2258 1345 2335 partes.

410 2401 452 2441 rea
499 2370 634 2436 Fertilis
653 2371 742 2460 hano
765 2370 853 2433 inter
875 2369 987 2451 posita
1011 2372 1061 2434 est
1084 2371 1236 2452 interque
1259 2372 1403 2453 rigentes

500 2486 684 2568 Nostraque
708 2489 742 2548 et
764 2486 841 2548 huie
866 2483 1005 2548 adversa
1029 2486 1101 2549 solo
1125 2504 1205 2566 pars
1229 2487 1333 2550 altera
1356 2492 1482 2564 nostro,

501 2603 592 2682 Quae
616 2602 736 2666 similis
758 2602 927 2683 utrimque
951 2605 1070 2665 tenens
1094 2601 1218 2665 vicinia
1241 2603 1313 2665 caeli

501 2717 686 2799 Temperat,
712 2716 796 2779 alter
820 2719 853 2779 et
876 2715 1014 2779 alterius
1037 2715 1125 2781 vires
1148 2721 1245 2781 necat
1270 2738 1346 2781 aer:

502 2833 592 2897 Hine
614 2833 766 2916 placidus
790 2832 888 2896 nobis
911 2852 972 2914 per
993 2836 1146 2914 tempora
1169 2834 1311 2897 vertitur
1334 2854 1464 2898 annus:

413 2978 456 3016 rro
502 2947 591 3012 Hinc
615 2952 648 3011 et
669 2948 756 3011 oolla
777 2948 856 3028 iugo
880 2946 996 3010 didicit
1020 2947 1214 3012 submittere
1239 2953 1354 3012 taurus

502 3062 545 3127 Et
567 3064 659 3126 lenta
683 3062 828 3126 excelsos
850 3062 930 3126 vitis
953 3062 1174 3127 conscendere
1198 3084 1319 3139 ramos,

503 3178 736 3261 Tondeturqne
760 3198 855 3259 seges
878 3182 1030 3243 maturos
1055 3198 1168 3243 annua
1190 3186 1314 3263 pa1tus,

505 3295 548 3360 Et
571 3297 657 3361 ferro
681 3296 793 3371 tellus,
817 3299 941 3377 pontus
964 3296 1192 3378 proseinditur
1216 3318 1297 3371 aere3

508 3410 597 3489 Quin
621 3411 723 3474 etiam
747 3410 881 3474 structis
906 3415 1087 3492 exsurgunt
1111 3410 1234 3492 oppida
1257 3413 1372 3475 muris.

417 3554 460 3591 175
507 3524 594 3607 Ergo
617 3526 676 3589 ubi
698 3547 758 3608 per
782 3527 890 3591 claros
913 3528 1016 3591 ierint
1038 3532 1097 3591 tua
1121 3530 1208 3593 facta
1231 3530 1429 3611 triumphos,

510 3639 608 3705 Solus
631 3646 772 3725 utroque
794 3643 884 3707 idem
907 3643 1026 3709 diceris
1050 3666 1191 3727 magnus
1216 3648 1251 3711 in
1276 3648 1363 3711 orbe.

552 3756 627 3821 Non
652 3776 712 3839 ego
736 3777 811 3821 sum
836 3760 917 3823 satis
941 3760 983 3823 ad
1006 3764 1107 3825 tantae
1123 3764 1296 3843 praeconia
1320 3763 1437 3837 laudis,

509 3872 584 3957 Ipse
608 3875 694 3938 mihi
717 3896 787 3940 non
811 3877 840 3939 si
863 3877 1056 3958 praeacribat
1080 3880 1227 3943 carmina
1250 3879 1402 3944 Phoebus,

509 3989 569 4054 Est
592 3991 664 4073 tibi,
687 3993 745 4073 qui
767 3992 875 4074 possit
897 3995 1028 4075 magnis
1052 4016 1087 4059 se
1111 3996 1280 4077 accingere
1305 3997 1412 4071 rebus,

421 4133 464 4171 rao
510 4104 667 4186 Valgius:
692 4112 816 4171 aetemo
841 4109 978 4191 propior
1001 4130 1071 4174 non
1096 4112 1178 4175 alter
1202 4111 1359 4175 Homero

511 4217 686 4300 Languida
709 4241 778 4285 non
802 4228 916 4287 noster
938 4227 1069 4308 peragit
1092 4226 1185 4289 labor
1210 4227 1286 4300 otia,
1313 4228 1464 4307 quamvis

424 4410 427 4415 Ι
511 4334 672 4412 Fortuna,
696 4342 734 4401 ut
756 4359 829 4403 moa
854 4342 991 4418 catilli,
1016 4363 1070 4405 me
1096 4342 1233 4406 adversa
1257 4342 1380 4423 fatiget.

512 4450 596 4514 Nam
619 4452 713 4530 mihi,
730 4473 806 4518 oum
830 4458 962 4537 magnis
986 4458 1105 4540 opibus
1129 4458 1248 4521 domus
1272 4459 1339 4523 alta
1363 4460 1494 4535 niteret,
