3834 5492
427 668 462 721 ffl
764 692 806 736 AD
824 692 919 737 LYGD.
938 692 1032 737 RIAEG.
1053 692 1087 737 11.
1110 690 1225 738 19-26.

428 866 467 931 de
491 873 674 932 mercatore
698 870 783 932 festo
808 866 967 933 Mercurii
984 869 1085 933 sacris
1103 873 1261 952 operante
1279 876 1311 933 et
1327 870 1368 933 ob
1383 870 1418 934 id
1433 871 1545 954 ipsum

425 982 597 1059 discincto,
622 982 712 1066 quod
735 984 820 1065 fugit
841 982 1050 1065 interpretes.
1074 1022 1120 1029 —
1142 984 1246 1070 cipro
1261 1034 1268 1050 .
1286 1037 1292 1049 .
1312 1037 1318 1049 .
1338 989 1436 1063 vaste,
1454 986 1544 1051 abla-

425 1099 514 1163 tivus
546 1118 617 1163 non
649 1119 724 1163 cum
748 1099 917 1183 irrcinotoe,
940 1100 999 1165 sed
1021 1120 1098 1164 cum
1124 1101 1239 1188 tepent
1263 1105 1313 1165 est
1334 1100 1544 1184 iungendus:

424 1216 539 1297 legant
571 1235 647 1279 ossa
679 1236 755 1279 mea
786 1218 879 1281 veste
911 1217 1009 1299 nigra
1041 1218 1063 1282 i.
1097 1238 1126 1282 e.
1153 1216 1189 1281 in
1211 1220 1358 1293 vestem
1391 1216 1547 1283 solebant

272 1341 276 1347 ·
366 1391 369 1395 ,
425 1332 515 1395 enim
547 1316 700 1412 lugentes
733 1352 810 1395 ossa
840 1333 877 1396 in
911 1333 1022 1397 sinum
1046 1330 1149 1397 vestis
1174 1353 1241 1397 suae
1265 1332 1374 1414 legere
1402 1338 1435 1397 et
1457 1333 1543 1415 Lyg-

422 1448 542 1514 damus
568 1448 684 1527 procul
707 1447 808 1512 dubio
832 1448 985 1513 imitatur
1006 1448 1075 1513 Tib.
1107 1448 1133 1513 L
1159 1450 1190 1525 3,
1225 1449 1332 1513 5-6:
1369 1468 1457 1513 «non
1489 1449 1546 1515 hic

423 1564 508 1627 mihi
531 1567 646 1638 mater,
672 1563 751 1642 Quae
774 1565 863 1646 legat
886 1566 922 1629 in
945 1544 1081 1630 maestos
1105 1586 1181 1629 ossa
1203 1569 1339 1647 perusta
1362 1566 1488 1631 sinus».

468 1678 505 1742 V.
543 1680 682 1743 lte—aa.
717 1677 760 1744 Et
790 1680 947 1765 primum
981 1684 1174 1767 sparyant.
1194 1730 1201 1744 .
1221 1732 1228 1746 .
1245 1676 1349 1763 Lyaeo
1366 1730 1374 1743 .
1391 1731 1398 1745 .
1417 1730 1425 1746 .
1447 1680 1544 1763 lacte,

424 1815 500 1859 ossa
531 1797 669 1859 collecta
702 1801 968 1879 consperguntur
999 1798 1078 1862 vino
1113 1802 1145 1861 et
1177 1798 1272 1875 lacte,
1297 1816 1438 1879 quorum
1460 1816 1544 1861 usus

395 1914 494 1989 ‘erat
525 1911 562 1975 in
593 1911 723 1975 inferiis
756 1915 789 1974 et
820 1913 858 1975 in
890 1911 1071 1988 sacrificiis,
1104 1932 1175 1995 quae
1199 1913 1263 1976 diis
1287 1913 1404 1976 inferis
1429 1911 1541 1977 offere·

421 2028 561 2103 bantur3
586 2029 625 2092 ci
650 2028 739 2091 infra
753 2026 790 2091 V.
810 2027 960 2092 33-34:
990 2028 1140 2093 «Interea
1163 2028 1275 2110 nigras
1299 2021 1442 2111 pectides
1465 2048 1542 2109 prc-

421 2145 544 2209 mittite
576 2143 646 2206 Diti
679 2142 722 2207 Et
753 2144 845 2207 nivei
867 2144 965 2208 lactis
987 2144 1108 2227 pocula
1130 2146 1235 2208 mixta
1256 2164 1380 2207 meror.
1404 2178 1449 2187 —
1472 2162 1540 2207 crr-

421 2279 506 2327 noso
524 2310 532 2324 .
550 2310 558 2325 .
574 2310 582 2324 .
600 2256 714 2343 Lpoeo,
747 2263 785 2323 ut
811 2261 900 2324 infra
921 2260 976 2325 VI.
1003 2262 1066 2325 58:
1104 2280 1288 2325 cannosum
1311 2280 1473 2324 merum».
1496 2294 1542 2305 -

420 2374 536 2460 LpaeO,
568 2394 754 2457 cognomen
787 2374 909 2439 Bacchi
940 2396 1037 2440 curas
1070 2377 1230 2441 solventis
1242 2398 1251 2454 3
1284 2377 1348 2441 hoo
1379 2376 1452 2439 loco
1482 2394 1543 2459 per

420 2492 661 2575 metonymiam
684 2492 801 2555 vinum
825 2491 1001 2573 significat.
1027 2492 1075 2557 cf.
1099 2492 1181 2557 Hor.
1206 2491 1309 2575 Epod.
1336 2492 1366 2569 9,
1391 2490 1541 2555 37-38;

424 2607 564 2674 «Curam
596 2612 787 2691 metumque
815 2606 954 2673 Gaesaris
977 2629 1090 2673 rerum
1113 2610 1206 2673 iuvat
1229 2607 1327 2671 Dulci
1351 2607 1449 2689 Lyaeo
1473 2604 1538 2669 sol-

419 2745 527 2789 verer.
551 2762 596 2769 —
625 2724 723 2790 niceo
741 2776 748 2789 .
767 2776 774 2789 .
793 2776 800 2789 .
820 2724 915 2804 lacte,
940 2729 979 2789 ut
1010 2726 1099 2789 infra
1130 2725 1166 2790 V.
1202 2726 1264 2790 34:
1303 2724 1412 2789 «nivei
1442 2723 1540 2787 lactis

418 2841 557 2924 pocular
574 2844 608 2904 et
618 2840 713 2922 Verg.
727 2840 796 2905 Ecl.
811 2842 841 2916 2,
857 2841 918 2905 ⁰20:
937 2842 1045 2905 «nivei
1058 2862 1159 2924 quam
1174 2841 1270 2905 lactis
1287 2838 1540 2905 abundans».—

417 2957 562 3045 frmdere
595 2958 691 3040 lacte,
721 2958 931 3041 perfundere,
956 2961 994 3022 ut
1017 2958 1085 3022 Tib.
1111 2958 1136 3023 L
1162 2960 1193 3039 7,
1218 2958 1279 3022 50:
1308 2955 1432 3021 «multo
1455 2958 1537 3019 tem·

418 3095 500 3159 pora
523 3074 625 3138 funde
648 3094 774 3138 mero».
797 3111 842 3118 —-
865 3072 1040 3140 carbaseis
1061 3123 1068 3138 .
1088 3126 1094 3139 .
1112 3121 1119 3136 .
1137 3072 1231 3149 vetio,
1254 3069 1454 3137 velamentis
1469 3088 1539 3133 car·

417 3190 537 3266 baseio,
561 3190 584 3253 i.
609 3209 637 3253 e.
662 3208 701 3253 ex
723 3188 922 3253 tenuissimo
945 3188 1009 3253 lini
1032 3209 1154 3271 genere
1178 3188 1292 3263 factis3
1325 3186 1364 3249 ci
1389 3184 1473 3249 Plin.
1498 3183 1537 3247 N.

417 3308 461 3373 H.
494 3306 581 3371 xlx.
618 3307 676 3371 10:
715 3306 897 3389 «Hispania
929 3306 1065 3370 citerior
1096 3305 1198 3370 habet
1230 3302 1441 3385 splendorem
1474 3300 1539 3364 lini

416 3424 622 3507 praecipuum
656 3422 814 3486 torrentis
846 3423 883 3487 in
917 3442 982 3506 quo
1013 3423 1140 3506 politur
1174 3425 1302 3495 natura,
1340 3420 1397 3501 qui
1431 3417 1539 3483 adluit

417 3541 646 3603 Tarraconem
671 3536 715 3600 Et
737 3537 886 3603 tenuitas
909 3538 996 3601 mira
1018 3538 1066 3601 ibi
1086 3538 1236 3621 primum
1259 3534 1404 3598 carbasis
1427 3552 1537 3612 reper-

415 3655 478 3719 tisr
507 3657 540 3717 et
562 3650 627 3718 Oic.
651 3649 743 3716 Verr.
770 3652 799 3727 V,
825 3652 854 3729 5,
883 3652 943 3717 la:
972 3652 1203 3717 stabemacula
1226 3649 1391 3713 carbaseis
1406 3649 1539 3713 intenta

416 3771 531 3835 velis».
565 3806 610 3815 —
641 3787 797 3834 umorem
821 3768 948 3850 tollere,
973 3789 1049 3834 ossa
1071 3769 1174 3851 igitur
1195 3767 1275 3832 vino
1300 3770 1333 3829 et
1355 3766 1440 3830 lacte
1459 3783 1536 3827 con·

416 3905 531 3968 spersa
555 3884 809 3966 detergebantur
830 3885 954 3958 linteis.
972 3921 1017 3929 -
1031 3900 1231 3961 marmoreo
1248 3931 1255 3946 .
1274 3932 1281 3947 .
1297 3931 1305 3946 .
1324 3877 1435 3957 domo,
1451 3896 1538 3973 nme

415 4019 612 4077 marmorea,
637 4020 708 4082 quae
733 4003 784 4063 est
806 3998 902 4081 quasi
924 3998 1044 4063 domus
1067 3997 1210 4062 mortui:
1242 3996 1283 4060 cf.
1308 3994 1407 4078 Soph.
1431 3992 1535 4057 Eleot.

419 4115 512 4180 1165.
548 4113 691 4192 (Electra
728 4112 768 4176 ad
804 4112 943 4189 cineres,
981 4132 1063 4195 quos
1100 4111 1226 4182 Orestis
1261 4130 1333 4174 esse
1367 4106 1535 4187 eredidit):

415 4226 531 4313 Τοιγὰρ
555 4230 593 4293 σὺ
617 4228 697 4301 δέξει
721 4228 752 4313 μ’
777 4226 810 4301 ἐς
834 4231 868 4292 τὸ
892 4231 946 4293 σὺν
970 4227 1039 4291 τόδε
1063 4232 1178 4309 στέγος,
1202 4227 1225 4291 i.
1250 4247 1277 4290 e.
1302 4226 1337 4288 in
1361 4243 1489 4289 urnam.
1523 4282 1525 4287 ,

459 4344 497 4408 V.
523 4344 664 4408 23-26.
689 4342 785 4419 Illuc,
811 4362 851 4407 ex
865 4343 1057 4407 coniectura
1073 4342 1269 4406 Baehrensii
1280 4364 1288 4419 ;
1312 4342 1352 4404 cf.
1370 4339 1445 4403 adn
1463 4338 1535 4402 orit

415 4459 513 4524 adh.
537 4460 558 4525 l.
592 4497 637 4505 —
669 4478 757 4544 quas
779 4458 885 4525 mittit
900 4508 908 4525 .
926 4508 935 4524 .
955 4506 965 4524 .
982 4478 1122 4541 merces,
1149 4458 1277 4534 odores,
1303 4455 1422 4540 quibus
1441 4455 1535 4518 oinc-
