3834 5492
428 675 462 730 16
800 700 1009 749 mannase.
1030 702 1060 745 v,
1079 700 1119 745 su
1136 702 1178 745 vu

515 874 584 939 Nec
605 895 669 940 noe
693 877 872 960 sacrilegos
895 876 1032 960 templis
1057 875 1265 943 admovimus
1289 879 1394 961 ignes]

560 991 627 1055 Nec
650 1012 707 1056 cor
730 992 914 1056 sollicitant
937 993 1024 1057 fecta
1046 993 1193 1058 nefanda
1216 1014 1345 1071 meum,¹
1442 993 1445 997 ’

515 1105 582 1171 Nec
605 1127 668 1172 nos
690 1108 819 1172 insanae
842 1107 1044 1173 meditantes
1067 1110 1175 1191 iurgia
1199 1111 1336 1173 mentis

545 1224 669 1307 ‚Impia
691 1225 727 1290 in
751 1225 908 1290 adversos
927 1226 1088 1289 solvimus
1113 1245 1171 1289 ora
1194 1224 1283 1289 deos.

440 1366 468 1405 rs
513 1338 557 1403 Et
579 1339 731 1404 nondum
754 1342 829 1405 cani
853 1341 968 1422 nigros
992 1340 1106 1405 laesere
1131 1340 1280 1423 capillos,
1384 1358 1387 1361 ·

559 1454 626 1519 Nec
648 1455 741 1520 venit
763 1455 858 1521 tardo
881 1476 982 1521 curva
1007 1460 1140 1521 senecta
1163 1442 1258 1539 pede.
1331 1509 1348 1515 ,,
1435 1511 1442 1520 ,

513 1570 666 1636 Natalem
688 1573 797 1655 primo
821 1566 975 1637 nostrum
997 1573 1109 1637 videre
1132 1575 1297 1655 parentes,

559 1685 643 1752 (lum
666 1688 785 1752 cecidit
808 1689 877 1754 feto
902 1690 1021 1754 consul
1044 1693 1183 1772 uterque
1206 1688 1289 1770 peri.

514 1802 601 1882 Quid
624 1804 777 1869 fraudare
800 1806 894 1869 iuvet
916 1806 1020 1869 vitem
1043 1804 1267 1870 crescentibus
1290 1804 1365 1869 uvis

437 1944 467 1985 so
556 1917 600 1982 Et
621 1917 721 1983 modo
745 1924 825 1985 nata
848 1921 937 1985 mala
960 1922 1083 1985 vellere
1106 1940 1207 2002 poma
1230 1922 1358 1984 manu?
1429 1974 1437 1980 i

511 2032 650 2112 Parcite,
674 2036 840 2117 pallentes
862 2036 970 2101 undas
996 2038 1194 2121 quicumque
1218 2036 1341 2099 tenetis

555 2150 712 2236 Duraque
736 2155 845 2219 sortiti
868 2156 967 2218 tertia
991 2173 1093 2237 regna
1116 2152 1177 2217 dei.

510 2265 643 2351 Elysios
666 2269 748 2332 olim
769 2269 869 2333 liceat
891 2289 1090 2352 cognoscere
1113 2287 1247 2350 campos

555 2385 790 2470 Lethceamque
814 2391 920 2450 ratem
943 2384 1206 2468 Cimmeriosque
1228 2385 1330 2460 lacus,
1429 2442 1436 2446 .,

434 2527 464 2567 ss
511 2498 595 2565 (lum
618 2522 693 2566 mee
717 2522 838 2584 rugosa
861 2502 1037 2584 pallebunt
1060 2522 1119 2566 ora
1143 2504 1277 2564 senecta
1334 2504 1336 2511 ⁴

555 2616 598 2680 Et
621 2619 763 2682 referam
787 2619 900 2701 pueris
924 2622 1076 2701 tempora
1099 2617 1209 2701 prisca
1233 2636 1342 2681 senex.
1432 2612 1435 2615 ’

510 2732 617 2817 Atque
640 2734 772 2797 utinam
796 2754 882 2799 veno
906 2734 1111 2817 nequiquam
1133 2736 1260 2796 terrear
1282 2731 1383 2795 aestu!

556 2850 733 2933 Languent
755 2858 806 2914 ter
828 2851 949 2933 quinos
974 2851 1032 2915 sed
1054 2870 1129 2914 mea
1152 2850 1302 2914 membre
1325 2846 1436 2912 dies.

510 2965 554 3030 At
576 2965 671 3030 vobis
694 2966 806 3031 luecae
830 2966 1040 3030 celebrantur
1062 2966 1203 3029 numina
1226 2963 1371 3047 lymphae

436 3111 466 3149 eo
555 3080 599 3145 Et
622 3081 729 3145 facilis
752 3082 845 3146 lenta
867 3083 1004 3165 pellitur
1026 3080 1117 3145 unda
1140 3100 1252 3143 menu

510 3198 619 3264 vivire
641 3198 764 3276 felices,
788 3217 954 3261 memores
979 3201 1011 3261 et
1034 3198 1134 3262 vivite
1157 3196 1275 3273 nostri,

557 3313 632 3380 Sive
656 3316 779 3380 erimus
804 3334 863 3379 seu
886 3333 949 3377 noe
973 3316 1042 3377 fata
1065 3315 1169 3377 fuisse
1192 3312 1305 3377 velint
1345 3362 1347 3366 -

510 3433 644 3496 Interea
667 3433 781 3514 nigras
803 3430 947 3514 pecudes
970 3432 1154 3513 promittite
1178 3429 1247 3493 Diti
1295 3448 1340 3483 ’ω

555 3547 598 3611 Et
620 3548 711 3611 nivei
734 3548 831 3612 lactis
853 3546 974 3629 pocula
997 3547 1101 3609 mixta
1124 3564 1226 3610 merc.

950 3848 1004 3913 vr.
1021 3827 1022 3831 ‘

511 4010 659 4076 Candide
682 4011 790 4087 Liber,
818 4011 916 4074 ades:
942 4011 988 4074 sic
1013 4010 1057 4073 sit
1079 4010 1140 4074 tibi
1164 4011 1304 4093 mystica
1327 4008 1405 4072 vitis

556 4126 703 4209 Semper,
729 4127 776 4190 sic
800 4126 924 4191 hedera
946 4131 1099 4208 tempora
1122 4127 1240 4191 vincte·
1257 4126 1363 4188 ieras:

509 4243 612 4306 Aufer
635 4248 668 4307 et
691 4244 762 4325 ipse
785 4263 898 4306 meum
921 4246 1038 4325 patero
1061 4242 1245 4305 medicante
1270 4235 1438 4305 dolorem:
1550 4275 1553 4280 ·

556 4357 650 4441 Saepe
673 4364 731 4424 tuo
756 4360 881 4425 ceciditv
896 4379 1036 4423 munere
1059 4360 1165 4423 vietus
1189 4358 1299 4421 Amor.
1323 4382 1324 4385 ¹
1423 4398 1424 4403 κ

450 4506 464 4543 s
511 4476 592 4541 Care
616 4497 710 4559 puer,
733 4478 890 4541 madeant
912 4496 1074 4559 generoso
1097 4475 1218 4557 pocula
1241 4473 1381 4551 Baccho,
