3834 5492
397 630 434 686 lo
727 650 769 693 an
788 648 884 693 uren.
902 648 996 693 anno.
1016 649 1052 694 11.
1073 646 1186 693 15—18.

398 828 594 893 mittebatur
624 848 642 891 e
672 846 763 908 rogo,
790 845 862 908 quae
887 826 1034 889 animam
1058 830 1228 908 tamquam
1252 826 1289 890 in
1313 828 1430 891 eaelum
1455 830 1517 891 ier·

398 952 468 1021 ret3
492 946 532 1009 ol.
554 940 819 1009 Gardthausen:
834 943 1003 1024 Augustus
1019 942 1089 1007 und
1104 942 1196 1005 seine
1213 942 1293 1020 Zeit,
1311 964 1342 1026 p.
1364 944 1459 1009 1276.
1475 981 1519 988 —

400 1062 534 1127 tenuem
551 1112 558 1125 .
576 1108 584 1124 .
603 1108 611 1123 .
628 1057 799 1136 umbram,
831 1059 910 1139 quia
942 1058 1061 1121 umbra
1094 1061 1143 1120 est
1175 1058 1286 1121 inanis
1314 1061 1425 1141 imago
1449 1078 1518 1123 aor-

400 1177 492 1260 poris
505 1199 513 1253 ;
537 1179 636 1258 poeta
662 1175 814 1238 imitatur
836 1174 932 1255 Verg.
959 1172 1017 1237 Ge.
1042 1173 1096 1236 IV.
1122 1172 1207 1238 ala:
1245 1174 1393 1239 «Umbrae
1425 1174 1519 1238 ibant

399 1297 517 1357 tenues
541 1291 783 1372 simulacraque
806 1290 1118 1365 luae-carentumo;
1143 1291 1182 1353 af.
1208 1289 1309 1353 etiam
1324 1290 1419 1371 Verg.
1436 1290 1519 1353 Aen.

399 1408 453 1473 VI.
488 1409 572 1473 292:
610 1411 746 1471 «tenues
770 1407 841 1469 sine
865 1425 1003 1488 corpore
1025 1406 1143 1481 vnae»;
1178 1404 1234 1470 Ov.
1261 1406 1355 1471 Trist.
1387 1405 1440 1469 IV.
1469 1408 1518 1482 10,

401 1526 463 1590 86:
491 1524 642 1606 «gracilis
664 1522 800 1587 umbra»
821 1528 854 1587 et
869 1520 958 1587 Fast.
975 1522 1019 1587 H.
1036 1522 1119 1587 565:
1148 1524 1286 1586 «animae
1310 1528 1460 1587 tenues».
1477 1560 1521 1567 —-

403 1634 628 1723 Candidaque
651 1657 754 1703 ossa.
776 1689 783 1702 .
801 1689 807 1701 .
822 1638 929 1724 niara
952 1638 1086 1724 favilla,
1104 1638 1220 1702 eadem
1238 1639 1415 1702 antithesis
1431 1638 1520 1701 infra

401 1775 448 1821 ve.
485 1756 633 1820 17-18:
673 1775 768 1819 «ossa
784 1804 792 1819 .
809 1803 817 1818 .
837 1804 844 1819 .
862 1755 959 1837 nigra
994 1754 1135 1819 eandida
1169 1759 1261 1819 veste
1296 1756 1440 1836 legent».
1477 1790 1521 1799 -

401 1870 490 1940 Ante
513 1890 627 1937 meam
650 1870 764 1937 oeaa‘at
787 1872 906 1956 longos
929 1872 1104 1956 incompta
1128 1870 1271 1956 capillos
1289 1868 1331 1935 la
1347 1872 1426 1955 fleat
1443 1874 1522 1937 aate

400 2004 518 2053 mam
548 1989 670 2052 masta
701 1983 826 2053 Neara
856 2004 990 2073 rogam,
1024 1991 1123 2069 poeta
1155 1987 1305 2050 imitatur
1337 1987 1404 2049 Tib.
1439 1985 1465 2050 Ι.
1490 1986 1519 2062 3,

404 2102 511 2167 7-8:
539 2100 631 2165 «Non
655 2101 721 2180 (hio
744 2101 840 2181 mihi)
864 2120 959 2164 soror
978 2151 985 2165 .
1002 2150 1009 2164 .
1028 2150 1035 2165 .
1054 2121 1126 2183 quae
1143 2150 1151 2165 .
1169 2150 1177 2164 .
1194 2150 1201 2164 .
1219 2100 1299 2165 fleat
1315 2100 1428 2165 effusis
1444 2105 1521 2165 ante

404 2218 556 2300 sepulora
584 2218 720 2281 comis».
755 2254 800 2261 -
829 2215 917 2281 Ante
940 2234 1055 2281 meam
1078 2216 1191 2283 oeaiat
1208 2269 1214 2281 .
1233 2267 1240 2281 .
1260 2235 1418 2303 .r09am,
1445 2220 1523 2284 aute

403 2353 463 2416 pro
488 2330 533 2397 ad
559 2331 752 2407 insolenter,
786 2335 825 2395 ut
856 2335 939 2395 auat
974 2330 1110 2397 Rhetor.
1144 2330 1186 2395 ad
1216 2332 1368 2399 Herenn.
1397 2332 1422 2396 Ι.
1461 2331 1523 2397 14:

408 2448 513 2531 «Ergo
537 2448 573 2511 in
599 2448 760 2512 iudicium
792 2468 862 2512 non
893 2450 1005 2513 venit:
1036 2453 1070 2511 at
1100 2448 1137 2511 in
1171 2452 1323 2513 senatum
1356 2453 1414 2512 aut
1446 2452 1523 2513 ante

404 2566 641 2647 imperatorem
673 2568 707 2628 et
738 2565 775 2628 in
807 2565 986 2629 eonsilium
1017 2564 1095 2629 talis
1128 2586 1224 2630 eausa
1253 2569 1364 2648 potest
1386 2567 1519 2630 venire»

405 2686 438 2744 et
459 2679 529 2745 Liv.
554 2680 626 2745 VH.
651 2683 704 2758 41,
733 2683 766 2745 1:
796 2681 989 2761 «Quinctius
1015 2685 1091 2746 ante
1116 2684 1211 2765 signa
1234 2702 1461 2765 progressus».
1482 2714 1524 2727 *-

404 2796 523 2883 loayos
546 2796 722 2880 incompta
743 2794 899 2881 capillos,
923 2798 1027 2861 oomis
1052 2797 1173 2873 effusis,
1200 2798 1288 2881 quod
1304 2802 1374 2862 erat
1390 2800 1523 2879 signum

403 2912 533 2987 luotne3
557 2912 747 2994 Lygdamus
771 2917 849 2977 ante
873 2914 986 2978 oeulos
1009 2914 1127 2978 habuit
1150 2914 1219 2979 Tib.
1243 2914 1268 2978 L
1288 2916 1316 2989 3,
1342 2917 1402 2979 91;
1433 2916 1522 2978 «lon-

405 3048 466 3110 gos
486 3028 619 3092 turbata
641 3028 813 3110 capillos»,
838 3028 1047 3119 Lygdamum
1070 3028 1128 3094 Ov.
1153 3030 1267 3093 Ami
1290 3032 1316 3109 1,
1343 3032 1402 3095 ab:
1432 3031 1523 3093 «lon-

404 3162 464 3226 gae
495 3147 630 3227 oompta
660 3144 774 3226 puella
805 3164 951 3209 eomas».
985 3180 1028 3191 -
1061 3142 1104 3209 Et
1126 3145 1208 3230 fleat
1231 3150 1309 3210 alde
1333 3164 1445 3211 meam
1463 3194 1470 3208 .
1489 3194 1520 3209 ..

404 3278 537 3345 rogam,
553 3264 592 3324 ut
606 3260 676 3323 Tib.
692 3259 735 3323 H.
749 3262 780 3336 4,
794 3259 857 3324 46:
877 3259 1067 3323 «ardentem
1083 3258 1216 3325 flebitur
1233 3265 1310 3324 ante
1327 3282 1524 3342 regumn-

404 3374 529 3441 matea'e
548 3374 712 3441 comitata
734 3372 862 3455 dolore,
886 3394 906 3437 a
929 3380 1036 3438 matre
1060 3374 1213 3452 dolente;
1238 3376 1441 3441 abstractum
1463 3398 1523 3461 pro

405 3496 567 3566 oonareto,
602 3494 641 3555 ut
671 3489 769 3572 Prop.
801 3490 827 3554 L
862 3492 914 3566 20,
955 3492 1101 3556 15-16:
1140 3490 1239 3570 «Quae
1271 3493 1370 3556 miser
1401 3494 1524 3575 ignotis

406 3626 498 3671 error
518 3627 699 3690 perpessus
722 3608 759 3670 in
784 3608 851 3671 oris
874 3606 1049 3671 Herculis»
1071 3608 1090 3672 i.
1111 3630 1137 3671 e.
1154 3608 1315 3672 Heroules
1339 3630 1463 3673 errans.
1481 3647 1525 3655 —

406 3719 547 3788 Maereat
579 3720 650 3789 bae
679 3740 815 3809 genero,
846 3725 988 3788 aaareat
1020 3721 1084 3788 dta
1113 3722 1197 3802 viro,
1224 3724 1361 3787 verbum
1385 3722 1525 3791 moerere

406 3838 590 3921 insolenter
623 3858 699 3903 aum
734 3839 880 3903 ablativo
920 3859 1071 3922 personae
1112 3840 1262 3923 iungitur
1296 3841 1337 3905 ad
1371 3862 1524 3906 normam

405 3955 523 4019 talium
546 3956 764 4031 locutionum,
789 3960 827 4021 ut
849 3956 930 4020 Hor.
956 3956 1063 4022 (torm.
1088 3958 1274 4035 111.14,5:
1303 3958 1428 4023 «Unico
1445 3978 1525 4041 gau·

407 4070 489 4133 dens
512 4071 634 4134 mulier
656 4073 796 4135 marito»
825 4077 858 4135 et
880 4072 977 4154 Prop.
995 4072 1037 4138 II.
1056 4075 1086 4150 9,
1108 4075 1166 4138 17:
1195 4073 1303 4137 «Tune
1320 4074 1421 4155 igitur
1438 4074 1525 4138 veris

406 4177 571 4269 gaudebat
595 4186 721 4251 Graecia
744 4191 865 4253 natis».

450 4302 489 4367 V.
527 4303 666 4368 15-18.
701 4300 861 4388 Prafatoe
896 4308 977 4369 aate
1011 4322 1104 4370 roseos
1144 4324 1263 4370 inanes
1303 4306 1526 4391 animamque

406 4419 559 4501 precata,
592 4417 708 4481 Neara
739 4421 773 4481 et
804 4422 912 4482 mater
945 4420 1017 4483 eius
1048 4423 1126 4483 ante
1151 4420 1345 4502 oesilegium
1368 4422 1525 4485 invocant
