3834 5492
805 671 846 714 AD
865 663 958 716 VERG.
980 666 1112 715 non'w.
1134 667 1173 714 47.

588 846 686 922 Atque
708 847 752 905 ita
773 846 937 920 decerpens
960 844 1101 921 aequabat
1121 859 1244 920 semper
1265 862 1341 920 opus
1363 843 1462 915 (1333,
1550 888 1553 894 .

470 951 472 958 ⁴
589 953 753 1027 Laneaque
775 951 904 1012 aridulis
925 950 1086 1012 haerebant
1107 970 1213 1010 morsa
1232 949 1361 1020 labellis,

589 1057 663 1129 Qua
683 1058 770 1133 prius
789 1057 825 1115 in
845 1055 906 1116 levi
927 1056 1225 1130 fuerantexstantia
1245 1054 1307 1130 filo.

472 1200 546 1284 Nos
563 1209 667 1302 igitur
689 1218 873 1301 Vergilium
898 1220 1001 1283 etiam
1032 1239 1080 1285 vs.
1105 1219 1158 1283 47.
1193 1218 1317 1284 Catulli
1339 1221 1481 1302 vestigia
1504 1221 1549 1284 le·

427 1321 515 1418 gissa
548 1334 825 1416 concordiamque
858 1334 1038 1399 Parcarum
1070 1354 1140 1399 non
1176 1355 1195 1398 a
1229 1335 1376 1399 fatorum
1409 1331 1551 1399 numine

428 1449 580 1533 pendere,
607 1449 723 1514 sedin
747 1443 795 1527 33,
821 1449 908 1532 quod
937 1440 1069 1513 stamen
1100 1450 1246 1513 fatorum
1279 1451 1404 1532 pariter
1434 1454 1548 1527 noant,

429 1566 571 1646 spectari
604 1565 821 1647 suspicamur.
858 1563 967 1643 Quare
1000 1584 1062 1687 pro
1097 1563 1239 1630 numine
1272 1583 1447 1628 censemus
1482 1564 1552 1629 tale

429 1680 509 1764 quid
531 1682 762 1763 reponendum
786 1701 867 1762 esse,
870 1680 981 1786 quod
1000 1667 1137 1792 siemera
1151 1676 1228 1745 sive
1251 1679 1350 1792 [iiam
1373 1679 1548 1764 significet.

474 1793 539 1860 Sed
561 1797 733 1861 videamus
757 1802 835 1861 ante
871 1795 986 1891 omnia
1013 1813 1077 1908 333
1045 1799 1190 1942 poet
1192 1801 1296 1911 aium
1321 1786 1552 1910 Romanorum

430 1913 531 1987 13333,
556 1910 614 1974 ubi
636 1910 747 1974 Parcae
770 1903 1015 1976 describuntur.
1333 1910 1336 1917 ’

473 2026 622 2093 Faceta
630 2027 785 2094 31333133
806 2027 919 2092 Parcis
943 2027 1138 2108 tribuuntur
1161 2046 1181 2089 a
1203 2025 1333 2090 Tibullo
1357 2027 1378 2090 L
1403 2025 1429 2091 Ι.
1454 2029 1484 2103 7,
1502 2042 1550 2091 vs.

433 2143 517 2208 1-2
528 2165 535 2207 :

589 2203 682 2263 Hunc
704 2203 842 2263 cecinere
865 2201 948 2262 diem
969 2201 1073 2262 Paroa
1093 2183 1210 2278 fatalia
1229 2183 1351 2262 menies

591 2308 748 2382 Stamina,
770 2328 836 2369 non
856 2309 912 2368 ulli
932 2307 1132 2388 dissoluenda
1154 2308 1221 2368 deo.

475 2489 556 2556 Fati·
574 2492 708 2557 stamen
730 2489 853 2570 legitur
869 2487 958 2571 apud
974 2477 1130 2553 Ovidium
1146 2487 1242 2552 Trist.
1259 2487 1282 2552 L
1299 2485 1336 2563 V,
1357 2486 1406 2564 13,
1423 2506 1471 2552 vs.
1489 2485 1552 2554 242

592 2649 664 2709 Non
686 2648 825 2707 1333333
845 2649 906 2725 foti
926 2649 1066 2707 stamina
1087 2648 1178 2721 nigra
1198 2615 1268 2711 mei.

476 2834 616 2903 Certum
652 2835 828 2901 subtemen
864 2833 1033 2918 significat
1070 2837 1177 2899 fatum
1214 2833 1425 2899 immutabile
1464 2832 1554 2916 apud

430 2952 549 3016 Η3333
525 2958 610 3016 ilum
633 2950 814 3033 Epodi,
839 2969 886 3015 vs.
913 2951 1103 3015 aa—a3·
1210 2940 1212 2945 ⁵
1291 2945 1294 2950 ’
1545 2937 1548 2942 ’

434 3107 437 3113 ’
470 3194 473 3200 ¹
592 3106 682 3170 Unde
703 3107 761 3168 tibi
781 3105 915 3169 rediium
937 3117 1019 3216 certo
989 3108 1111 3167 ttsab
1099 3109 1215 3168 temiiie
1235 3105 1339 3168 Parcae

592 3215 722 3291 Rupere.
770 3221 772 3226 '

476 3377 657 3444 immobile
674 3375 774 3461 fitam
790 3376 928 3459 ponitur
943 3397 1004 3457 pro
1021 3377 1090 3440 1333
1107 3375 1310 3439 immutabili
1328 3340 1416 3458 apud
1432 3373 1553 3438 Silium

431 3496 586 3560 Italicum
608 3487 640 3559 l.'
654 3494 726 3560 VH.
751 3496 808 3559 vs.x
822 3494 1022 3559 tte-4802

593 3653 633 3724 At
653 3672 716 3724 vos,
733 3673 757 3714 ,o
779 3655 870 3724 nata,
893 3653 989 3715 currit
1011 3651 1085 3713 dum
1105 3653 1266 3715 immobile
1285 3653 1386 3737 tilamv

592 3759 739 3820 Hadriaci
760 3759 856 3834 fugite
877 3759 1029 3821 infaustas
1050 3757 1177 3821 Sasonis
1198 3760 1339 3846 harenas.

477 3949 559 4016 Reti
582 3899 827 4035 stomiaa'fusi
846 3947 985 4034 ponitur
1007 3968 1068 4030 pro
1093 3947 1237 4011 stamine
1253 3947 1446 4014 aetemiiati
1465 3945 1554 4030 apud

433 4065 592 4130 Senecam
616 4063 731 4147 Oedip.
756 4086 802 4130 vs.
831 4064 1071 4144 1001-‚10032

689 4267 690 4270 ,
754 4223 840 4283 Fatis
862 4223 999 4297 agimur:
1021 4220 1118 4281 cedite
1139 4221 1220 4280 faiis.
1328 4236 1332 4242 ·

753 4333 823 4392 Non
844 4330 983 4391 3311131333
1004 4330 1140 4405 possunt
1154 4347 1234 4388 curae
1319 4343 1339 4351 ”

753 4437 875 4496 Mutare
895 4437 958 4495 mti
979 4436 1119 4494 stamina
1139 4437 1211 4510 farsi.
1325 4451 1328 4455 ·
1355 4474 1359 4482 ·
