3834 5492
830 703 1057 750 rannemirus.
1468 684 1504 741 23

474 881 556 961 Quis
579 880 823 962 Amythaonius
847 885 991 961 nequeat
1014 885 1139 944 certare
1162 880 1360 966 Melampus.
1459 917 1503 958 ιω

472 999 558 1063 Nam
582 996 682 1062 modo
706 998 893 1078 fulgentem
916 995 1014 1078 Tyrio
1040 996 1249 1077 subtegmine
1272 1004 1398 1066 vestem

472 1114 634 1180 Indueras
658 1114 786 1179 oriente
810 1113 864 1177 die
888 1112 970 1175 duce
994 1112 1113 1175 fertilis
1138 1114 1227 1190 anni,

474 1229 688 1313 splendidior
709 1227 846 1312 liquidis
870 1248 945 1291 oum
970 1226 1028 1293 Sol
1051 1232 1150 1310 caput
1174 1232 1291 1296 extulit
1314 1234 1413 1301 undis

471 1348 515 1411 Et
537 1349 608 1411 fera
631 1345 799 1411 discordes
822 1349 1003 1410 tenuerunt
1024 1344 1163 1411 flamina
1185 1350 1287 1425 venti,

472 1463 580 1529 Curva
595 1482 657 1527 nec
680 1462 837 1528 adsuetos
861 1466 1002 1545 egerunt
1023 1461 1163 1528 flumina
1187 1483 1312 1545 cursus,
1383 1500 1385 1506 v
1458 1502 1501 1542 ις,

473 1582 562 1662 Quin
577 1578 731 1662 rapidum
745 1579 885 1662 placidis
902 1578 1003 1643 etiam
1018 1599 1109 1643 mare
1126 1582 1277 1647 constitit
1292 1583 1390 1651 undis
1403 1612 1413 1667 ς

475 1694 551 1760 Ulla
573 1713 635 1757 nec
660 1694 766 1757 aerias
788 1694 934 1757 volucris
956 1693 1141 1776 perlabitur
1163 1716 1261 1762 auras

473 1811 538 1874 Nec
562 1808 749 1893 quadrupes
773 1809 894 1873 densas
918 1807 1106 1891 depascitur
1129 1831 1247 1893 aspera
1270 1816 1381 1895 silvas,

474 1926 561 2005 Quin
583 1926 705 2007 largita
726 1925 795 1989 tuis
819 1926 888 1989 sint
910 1929 1004 1989 muta
1028 1927 1163 1992 silentia
1186 1932 1283 1998 votis.

472 2044 623 2126 Iuppiter
644 2044 716 2125 ipse
739 2042 805 2106 levi
828 2045 942 2107 vectus
966 2062 1026 2124 per
1048 2042 1165 2109 inania
1190 2066 1288 2111 curru
1457 2084 1501 2123 ιω

471 2158 587 2223 Adfuit
612 2163 645 2221 et
667 2158 746 2221 caelc
770 2157 918 2222 vicinum
941 2156 1041 2239 liquit
1064 2155 1243 2242 Olympum

471 2274 670 2356 Intentaque
693 2274 762 2337 tuis
784 2273 939 2355 precibus
962 2293 997 2337 se
1020 2273 1162 2355 praebuIt
1186 2296 1265 2340 aure

472 2388 663 2472 Cunctaque
686 2390 796 2453 veraci
818 2389 925 2471 capite
950 2389 1086 2454 adnuIt:
1110 2389 1243 2456 additus
1266 2396 1332 2459 aris

472 2505 597 2570 Laetior
619 2504 722 2569 eluxit
746 2507 889 2569 structos
914 2524 1015 2587 super
1038 2505 1127 2587 ignis
1151 2526 1295 2573 acervos.

516 2620 605 2701 Quin
629 2622 785 2684 hortante
809 2620 871 2683 deo
894 2620 1027 2702 magnis
1050 2620 1205 2685 insistere
1229 2623 1328 2689 rebus
1458 2658 1501 2697 ιω

472 2736 605 2819 Incipe:
629 2756 699 2802 non
722 2735 812 2799 idem
835 2734 897 2799 tibi
920 2736 989 2800 sint
1011 2736 1153 2819 aliisque
1176 2737 1348 2821 triumphi.

471 2851 546 2917 Non
569 2856 602 2916 te
624 2853 736 2917 vicino
758 2851 981 2916 remorabitur
1004 2853 1102 2917 obvia
1125 2850 1232 2917 Marte

473 2965 584 3033 Gallia
606 2988 668 3031 nec
691 2968 769 3032 latis
794 2967 901 3032 audax
923 2967 1091 3050 Hispania
1113 2969 1211 3033 terris

471 3083 537 3148 Nec
561 3085 632 3148 fera
653 3084 789 3148 Theraeo
812 3084 914 3148 tellus
937 3084 1074 3148 obsessa
1097 3085 1227 3161 colono,

470 3198 537 3264 Nec
560 3218 627 3281 qua
647 3200 702 3263 vel
723 3199 819 3264 Nilus
841 3200 896 3263 vel
918 3200 1010 3281 regia
1031 3201 1170 3282 lympha
1193 3200 1361 3285 Choaspes
1457 3237 1501 3276 uo

472 3313 613 3379 Profiuit
636 3317 694 3378 aut
717 3314 862 3397 rapidus,
888 3313 966 3397 Gyri
989 3314 1167 3393 dementia,
1194 3316 1328 3400 Gyndes

471 3430 550 3495 Aret
573 3428 747 3511 Chaldaeis,
773 3435 852 3495 ante
874 3430 969 3495 unda
990 3452 1109 3513 parum
1133 3433 1275 3515 hospita,
1301 3436 1436 3518 campis,

470 3548 537 3613 Nec
561 3568 627 3630 qua
648 3567 752 3630 regna
773 3566 857 3630 vago
881 3546 1034 3631 Tomyris
1056 3547 1166 3613 finivit
1187 3550 1293 3615 Araxe

470 3663 579 3745 Impia
601 3662 656 3727 vel
679 3664 775 3728 sauls
798 3662 969 3728 celebrans
992 3664 1145 3728 conuiuia
1167 3666 1293 3730 mansis

470 3777 598 3843 Ultima
621 3777 752 3866 vicinus
774 3777 899 3842 Phoebo
922 3781 1017 3843 tenet
1041 3799 1119 3843 arva
1140 3779 1288 3856 Padaeus,
1457 3814 1501 3851 us

471 3893 608 3977 Quaque
619 3892 753 3957 Hebrus
763 3892 949 3976 Tanaisque
962 3892 1063 3959 Getas
1075 3895 1160 3976 rigat
1172 3898 1271 3977 atque
1282 3892 1455 3979 Magynos.

471 4009 558 4088 Quid
581 4011 716 4073 moror?
739 4007 894 4074 Oceanus
916 4013 1021 4093 ponto
1045 4030 1109 4093 qua
1133 4011 1283 4075 continet
1305 4010 1428 4090 orbem,

469 4123 571 4189 Nulla
593 4124 655 4188 tibi
679 4122 826 4189 adversis
849 4124 941 4207 regio
966 4145 1038 4189 sese
1063 4125 1177 4190 offeret
1201 4126 1312 4191 armis

470 4238 514 4301 Ie
537 4244 653 4303 manet
675 4239 820 4303 invictus
843 4238 996 4303 Romano
1019 4237 1127 4304 Marte
1150 4239 1332 4303 Britannus

470 4352 579 4435 'Isque
602 4354 692 4418 Infra
715 4357 809 4418 vecto
833 4352 952 4418 mundi
974 4372 1053 4436 pars
1078 4355 1183 4418 altera
1206 4354 1285 4419 sole.
1456 4384 1500 4422 rso

469 4468 555 4531 Nam
578 4469 778 4534 circumfuso
802 4470 957 4533 consistit
979 4470 1016 4534 in
1040 4489 1115 4533 aere
1138 4470 1239 4533 tellus
