3834 5492
409 673 443 726 ⁷0
756 698 797 741 sn
817 698 911 743 uror).
930 698 1024 742 mmo.
1044 698 1072 742 v.
1095 696 1176 743 1-4.

409 876 478 939 tial.
503 873 559 937 IV.
582 874 635 951 47,
661 877 690 937 5.
717 894 797 956 sqq,
821 874 879 938 ubi
902 875 1051 938 thermas
1074 873 1220 953 Baianas
1243 880 1392 958 tempore
1409 876 1528 938 caloris
1562 941 1565 947 ,

411 989 516 1053 aestivi
557 989 794 1071 relinquendas
829 1010 901 1053 esse
937 993 1069 1053 censet:
1110 989 1274 1054 «Horrida
1309 991 1367 1055 sed
1401 992 1530 1054 fervent

410 1105 554 1169 Nemeaei
586 1109 720 1187 pectora
752 1106 895 1169 monstri
926 1106 958 1183 (i
985 1126 1012 1170 e.
1044 1106 1096 1170 sol
1119 1110 1170 1170 est
1201 1107 1238 1169 in
1265 1106 1359 1187 signo
1384 1106 1529 1184 Leonis),
1634 1111 1637 1116 '

410 1219 477 1281 Nec
500 1220 581 1283 satis
606 1229 656 1283 est
678 1220 777 1283 Baias
801 1222 877 1301 igne
901 1221 1008 1283 calere
1033 1240 1113 1285 suo:
1145 1220 1232 1302 Ergo
1257 1221 1341 1285 sacri
1365 1222 1474 1284 fontes
1497 1222 1531 1282 et

411 1336 510 1399 litora
533 1355 626 1400 sacra
648 1337 765 1412 valete,
800 1337 1030 1419 Nympharum
1053 1338 1176 1421 pariter
1206 1337 1449 1420 Nereidumque
1473 1336 1530 1399 do·

412 1471 496 1514 mus.
520 1450 704 1515 Herculeos
727 1458 859 1517 montes
882 1453 992 1535 gelida
1020 1474 1079 1518 vos
1110 1455 1233 1519 vincite
1265 1454 1402 1518 bruma:
1436 1453 1531 1515 Nunc

413 1567 595 1632 Tibuitinis
618 1568 723 1632 cedite
741 1569 949 1650 frigoribus».
969 1607 1012 1613 -
1029 1569 1182 1635 oestioum
1199 1620 1207 1635 .
1227 1622 1233 1634 .
1252 1620 1259 1635 .
1281 1567 1417 1648 Conco«,
1433 1572 1532 1650 poeta

412 1683 565 1747 imitatur
588 1682 656 1747 Tib.
682 1683 707 1748 L
733 1686 764 1762 4,
790 1685 829 1749 6:
859 1686 982 1749 «aestivi
1007 1690 1159 1767 tempora
1175 1686 1262 1749 sicca
1281 1684 1421 1759 Canis«;
1444 1682 1533 1764 apud

414 1799 547 1864 Grecos
578 1803 659 1865 κύων
683 1799 840 1885 ὀπωρινὸς,
866 1806 903 1865 ut
926 1804 963 1865 in
988 1803 1283 1885 epigrammatibus
1307 1804 1420 1868 incert.
1446 1805 1530 1865 auct.
1599 1838 1604 1852 ι

413 1918 513 1981 Anth.
550 1915 618 1981 Pal.
652 1916 691 1979 x
730 1919 779 1993 14,
805 1918 835 1981 7.
860 1922 893 1981 et
914 1919 1014 1983 Anth.
1044 1919 1135 1983 Plan.
1162 1920 1237 1995 447,
1263 1922 1291 1984 7.
1317 1956 1360 1962 —
1394 1915 1534 1999 Curram,

415 2031 574 2097 Canicula
598 2035 666 2099 sive
691 2032 807 2102 Sirius.
832 2035 872 2099 de
896 2055 962 2116 quo
986 2036 1069 2099 Plin.
1095 2036 1132 2100 N.
1158 2036 1200 2101 H.
1217 2036 1259 2100 H.
1281 2038 1361 2100 128:
1390 2036 1532 2099 «Arden-

414 2151 545 2215 tissimo
575 2154 686 2214 autem
720 2153 844 2215 aestatis
877 2156 1026 2234 tempore
1062 2155 1207 2218 exoritur
1241 2153 1407 2218 Caniculae
1442 2153 1534 2217 sidus

416 2267 486 2331 sole
509 2266 650 2350 primam
675 2270 805 2349 partem
828 2268 951 2334 Leonis
974 2270 1192 2353 ingrediente,
1211 2275 1267 2354 qui
1284 2272 1355 2335 dies
1370 2271 1438 2335 XV.
1456 2273 1533 2334 ante

413 2382 497 2463 Aug.
522 2380 690 2447 Kalendas
715 2388 796 2447 estu.
824 2421 869 2427 —
900 2385 1020 2450 sooria
1035 2382 1230 2451 Boiorum.
1247 2435 1254 2449 .
1273 2437 1279 2450 .
1301 2383 1461 2470 lymphis,
1483 2385 1533 2448 in·

416 2498 536 2579 tellege
568 2499 715 2562 thermas
747 2500 892 2564 Baianas
916 2502 1055 2566 numine
1079 2502 1306 2585 nympharum
1330 2522 1458 2576 sacras3
1492 2500 1533 2563 oi.

417 2612 561 2677 Martial.
585 2613 640 2679 IV.
665 2616 717 2691 47,
748 2618 844 2693 7-8,
879 2617 919 2681 de
952 2616 1102 2681 fontibus
1134 2617 1289 2681 Baianis:
1328 2616 1430 2681 «macri
1462 2617 1534 2679 fon·

417 2737 467 2794 tes
487 2780 495 2795 .
516 2780 523 2795 .
545 2780 552 2795 .
573 2732 830 2813 Nympharum.
851 2781 859 2796 .
880 2782 887 2796 .
910 2733 1060 2799 domus».
1095 2770 1139 2777 —-
1166 2732 1343 2817 proximo,
1375 2733 1533 2805 bonitate,

419 2847 613 2913 salubritate
652 2867 822 2930 aquarum.
863 2847 1019 2913 Ceterum
1053 2849 1222 2933 promimc
1260 2853 1310 2913 est
1348 2848 1537 2912 coniectura

419 2963 586 3046 Scioppii;
611 2964 651 3026 of.
676 2964 765 3025 infra
789 2961 864 3026 adn.
890 2965 960 3027 crit
987 2964 1028 3027 ad
1052 2966 1084 3028 h.
1102 2966 1124 3028 l.
1149 2948 1193 3007 '‘—
1210 2961 1298 3028 Cum
1314 2982 1350 3027 se
1360 2977 1535 3047 purpureo

419 3098 495 3145 «rere
516 3078 656 3145 remittit
681 3077 818 3159 homae,
841 3099 974 3143 versum
998 3080 1149 3143 imitatur
1176 3077 1232 3143 Ov.
1259 3078 1347 3143 Fast.
1371 3078 1425 3143 IV.
1454 3078 1536 3141 146:

424 3197 525 3260 «Vere
560 3196 669 3259 nitent
700 3199 806 3272 terrae,
841 3216 917 3259 vere
951 3196 1111 3260 remissus
1146 3215 1255 3277 agero.
1289 3232 1333 3239 -
1362 3212 1537 3279 purpureo

420 3332 504 3389 vere,
530 3316 666 3393 propter
688 3310 788 3374 flores
801 3333 809 3385 ;
833 3315 932 3393 poeta
957 3316 1034 3373 ante
1059 3312 1173 3374 oculos
1197 3311 1314 3374 habuit
1345 3311 1441 3393 Verg.
1469 3309 1536 3373 Eoi.

421 3433 451 3505 9,
476 3430 627 3493 40-41:
665 3427 747 3489 «Hic
778 3447 836 3489 vor
862 3447 1077 3509 purpureum,
1102 3427 1213 3490 varios
1236 3428 1291 3489 hic
1314 3426 1455 3491 fiumina
1478 3426 1538 3489 cir-

382 3624 385 3629 .
421 3564 497 3607 cum
529 3543 655 3607 Fundit
687 3543 809 3606 humus
841 3542 973 3619 fiores«,
1008 3563 1106 3626 quem
1129 3543 1241 3607 locum
1265 3544 1366 3606 etiam
1390 3542 1539 3606 Tibullus

421 3661 574 3725 imitatus
597 3664 648 3723 est
671 3659 696 3724 L
714 3661 744 3737 4,
771 3662 832 3723 99:
862 3659 987 3738 «Quam
1003 3661 1068 3724 cito
1085 3679 1271 3743 purpureos
1288 3658 1438 3741 deperdit
1453 3662 1540 3723 tena

422 3777 581 3840 colores».
607 3773 655 3839 Of.
682 3776 783 3839 etiam
807 3773 865 3840 Ov.
890 3775 970 3840 Met.
994 3775 1031 3840 V.
1058 3777 1252 3840 :rao-291:
1282 3775 1438 3857 «Frigora
1461 3774 1541 3839 dant

423 3893 519 3969 rami,
557 3890 676 3976 Tyrios
708 3892 830 3956 humus
863 3892 978 3956 umida
1010 3891 1118 3967 flores,
1153 3892 1354 3974 Perpetuum
1378 3913 1435 3956 ver
1459 3897 1540 3957 est».

423 4006 621 4093 Purpureus
646 4010 747 4091 igitur
770 4010 832 4073 hoo
856 4012 929 4074 loco
946 4030 1016 4073 non
1030 4010 1168 4073 rubrum
1185 4010 1338 4084 colorem,
1358 4009 1416 4072 sed
1432 4004 1542 4090 splen·

424 4127 540 4190 dorem
563 4124 682 4189 florum
706 4126 876 4190 variorum
900 4126 1071 4209 splendori
1094 4146 1248 4208 purpurae
1272 4126 1416 4190 similem
1442 4126 1543 4207 signi·

424 4243 510 4313 ficat.
543 4242 632 4306 unde
665 4242 722 4307 Ov.
756 4243 844 4307 Fast.
879 4242 933 4307 lV.
963 4245 1044 4307 126:
1080 4242 1182 4306 «Vere
1205 4242 1317 4304 nitent
1339 4245 1476 4317 terr-aeo3
1501 4243 1541 4305 cf.

425 4361 506 4425 Hor.
555 4357 662 4423 Carm.
713 4359 767 4423 IV.
817 4361 844 4430 l,
900 4362 958 4424 10:
1014 4361 1208 4442 «purpureis
1251 4360 1320 4423 ales
1363 4359 1542 4435 oloribus»,

426 4477 520 4557 Verg.
546 4476 625 4538 Aen.
651 4475 676 4538 Ι.
702 4477 786 4540 59οε
823 4476 1022 4557 «lumenque
1054 4476 1198 4539 iuventae
1230 4474 1468 4555 Purpureum».
1500 4510 1545 4518 -
