3834 5492
408 683 460 738 lio
795 703 837 746 sn
855 702 970 750 esraa.
991 699 1143 747 rao—203.

451 879 489 943 V.
517 880 700 944 190-196.
726 876 906 961 asperiora
929 874 1069 957 rodunt,
1092 875 1251 940 assidant.
1274 914 1319 921 —
1340 876 1531 961 spolierque

406 992 549 1078 solicite,
571 1014 641 1057 non
663 996 773 1058 totum
795 993 898 1074 igitur
921 992 1324 1075 patrimonium‘amisit;
1359 995 1399 1057 of.
1432 993 1530 1074 Prop.

407 1110 451 1174 II.
485 1111 536 1187 34,
571 1110 722 1175 55-562
759 1108 894 1189 «Aspioe
918 1128 982 1185 me,
1008 1110 1062 1172 oui
1084 1128 1188 1191 parva
1210 1107 1302 1172 domi
1324 1109 1458 1172 fortuna
1481 1128 1531 1172 re-

407 1226 486 1290 ljota
518 1228 600 1290 este.
633 1262 678 1269 —
704 1221 785 1292 Noa
801 1275 808 1290 .
826 1274 835 1290 .
853 1275 861 1290 .
879 1223 1043 1308 deficiant,
1071 1244 1141 1288 non
1165 1221 1335 1299 desinent3
1370 1224 1409 1287 oi
1433 1223 1530 1304 Prop.

407 1341 443 1405 L.
470 1343 499 1418 8,
534 1341 596 1406 23:
634 1341 719 1406 «Neo
749 1361 804 1405 me
838 1340 969 1405 definiet
999 1343 1121 1404 nautas
1145 1339 1288 1421 rogitare
1313 1339 1463 1402 albatos».
1488 1374 1533 1382 -

409 1453 538 1522 Pierii.
556 1506 564 1521 .
583 1507 590 1520 .
610 1455 767 1538 honorae,
800 1477 935 1522 oarmen
968 1455 1208 1532 honorificum
1243 1457 1282 1520 of.
1320 1454 1395 1519 adn.
1432 1474 1533 1536 supra

409 1572 451 1636 ad
473 1570 626 1655 Lyng
655 1575 713 1638 16:
743 1573 951 1656 «Pieriosque
976 1574 1102 1638 lasus».
1126 1610 1171 1617 -
1202 1569 1270 1639 Pro
1296 1575 1326 1638 to
1348 1571 1402 1638 ool
1430 1570 1531 1654 ropi-

407 1684 473 1753 dos
496 1691 568 1764 eta,
593 1688 631 1752 ol.
657 1689 753 1771 Prop.
778 1688 803 1754 I.
830 1692 859 1766 6,
888 1690 983 1755 1—4.
1009 1688 1051 1752 ad
1074 1688 1226 1752 Tullum:
1256 1688 1349 1752 «Non
1366 1707 1426 1769 ego
1443 1706 1533 1750 nuno

408 1800 544 1865 Hadriae
576 1823 694 1868 vereor
726 1823 817 1868 mare
849 1822 985 1867 nosoere
1009 1807 1128 1879 tecum,
1154 1802 1258 1880 Tulle,
1283 1821 1391 1883 neque
1414 1801 1533 1883 Aegaeo

395 1887 529 1982 'duoere
561 1919 635 1982 vela
668 1919 748 1996 salo,
784 1916 867 1982 Cum
891 1939 956 2001 quo
980 1917 1137 2000 Riphaeos
1161 1918 1288 2000 possim
1312 1914 1534 1980 aonsoandere

410 2036 542 2097 montes
572 2033 785 2117 Ulteriusque
818 2035 935 2098 domos
967 2033 1088 2099 vadere
1111 2032 1356 2096 Memnonias».
1379 2068 1424 2076 -
1447 2013 1533 2096 seob'·

412 2146 533 2212 sistere
556 2148 694 2232 ruanis,
718 2149 890 2226 obsistere,
915 2154 953 2213 ut
976 2149 1048 2213 Liv.
1073 2147 1206 2213 XXVII.
1232 2150 1273 2211 7:
1307 2147 1458 2211 «Italiam
1480 2147 1536 2209 vix

411 2262 596 2328 Hannibali
629 2269 728 2347 atque
760 2267 832 2329 eius
866 2266 968 2330 armis
998 2263 1268 2329 subsistentem».
1301 2301 1346 2307 —
1382 2279 1535 2347 pronum

412 2375 560 2446 Aetaaeae
591 2397 713 2466 corpus
745 2381 953 2448 committere
987 2381 1147 2465 (lammis,
1179 2381 1442 2463 praecipitemus
1467 2378 1534 2443 dei·

411 2513 485 2557 aere
507 2494 544 2556 ln
567 2504 725 2581 κρατῆρας
749 2496 873 2571 Aetna,
899 2500 937 2558 ut
960 2495 1042 2559 olim
1064 2495 1283 2576 Empedocles
1307 2495 1393 2570 feeit,
1413 2493 1534 2576 dequo

411 2608 507 2690 Diog.
533 2609 642 2675 Laert.
656 2609 745 2674 VIII.
771 2613 800 2688 l,
827 2613 888 2676 69:
915 2608 1006 2676 αὐτὸν
1030 2609 1199 2678 ὡδευκέναι
1214 2609 1257 2685 ὡς
1275 2611 1324 2677 ἐπὶ
1341 2615 1395 2698 τὴν
1410 2609 1535 2697 Αἴτνην,

413 2719 481 2788 εἶτα
509 2731 756 2813 παραγενόμενον
789 2726 838 2792 ἐπὶ
869 2731 939 2800 τοὺς
968 2739 1128 2814 κρατῆρας
1150 2737 1203 2792 τοῦ
1226 2731 1320 2811 πυρὸς
1344 2725 1535 2801 &saliebam

412 2840 494 2905 Hor.
531 2842 568 2906 A„
604 2841 638 2906 Ρ.
678 2844 872 2908 das-soa:
914 2844 1150 2927 «Empedocles
1185 2844 1357 2907 ardentem
1395 2843 1536 2924 frigidus

411 2955 554 3020 Aetnam
586 2957 753 3023 Insiluit«.
787 2996 831 3002 —
862 2978 1026 3043 proteum,
1055 2981 1093 3022 ex
1116 2961 1307 3023 oonieotura
1330 2958 1535 3033 Burmanni;

412 3073 452 3135 of.
486 3072 575 3135 infra
607 3072 683 3137 adn.
717 3075 787 3138 orit.
822 3075 865 3138 ad
897 3075 929 3140 h.
964 3075 1045 3140 let
1069 3073 1127 3140 0v,
1152 3075 1231 3139 Met.
1257 3073 1313 3138 XL
1340 3075 1536 3139 791—792:

416 3188 515 3252 «furit
537 3187 681 3252 Aesaaus
705 3189 806 3272 inque
825 3191 1029 3273 profundum
1051 3191 1181 3254 Pronus
1206 3190 1305 3254 abit».

456 3301 493 3366 V.
523 3305 705 3368 197—203.
731 3305 842 3371 riustri
860 3306 890 3370 si
909 3305 1063 3390 paruulo
1086 3324 1172 3371 euro
1197 3303 1249 3372 Sit
1272 3305 1346 3385 libi,
1365 3307 1405 3370 of.
1430 3305 1534 3387 Lygd.

412 3418 438 3482 I.
467 3421 524 3483 19:
555 3420 601 3483 ssi
620 3422 727 3484 nostri
750 3426 869 3485 mutua
892 3443 972 3485 sura
994 3426 1077 3486 est».
1093 3459 1138 3466 -
1160 3441 1268 3506 raquo
1290 3419 1416 3505 Lydios,
1432 3420 1537 3485 Croesi

414 3533 566 3610 divitiam¹
586 3537 625 3600 of.
660 3556 759 3618 supra
791 3537 894 3619 Lygd.
928 3537 988 3601 III.
1014 3539 1074 3601 29:
1112 3537 1196 3601 «Neo
1218 3557 1271 3599 me
1295 3556 1398 3618 regna
1421 3537 1538 3599 iuvant

414 3669 476 3712 neo
498 3648 624 3731 Lydius
650 3651 773 3714 aurifer
797 3653 924 3715 amnis»
953 3657 987 3715 et
1011 3651 1086 3716 adn.
1112 3672 1202 3733 areg.
1226 3651 1315 3715 adh.
1334 3652 1354 3714 l.
1371 3689 1418 3695 —
1439 3651 1537 3736 fonto

377 3741 384 3758 ¹
420 3760 571 3849 Gylippi,
595 3765 660 3829 dux
691 3765 976 3842 Lacedaemonius,
1003 3768 1059 3848 qui
1083 3767 1120 3830 in
1142 3767 1230 3830 bello
1253 3767 1537 3848 Peloponnesiaco

415 3879 639 3945 Athenienses
664 3879 844 3963 Syrasusas
869 3881 1060 3945 obsidentes
1085 3883 1213 3946 devioit.
1239 3881 1288 3946 Cf.
1313 3882 1456 3964 Thuoyd.
1481 3881 1535 3945 VI

416 4000 449 4060 et
464 3995 536 4060 VII.
554 4035 597 4040 —
615 3995 794 4064 Meleteas.
813 4049 819 4062 .
840 4049 847 4062 .
866 3997 1018 4081 oleastrae,
1033 3999 1182 4071 earmina
1197 3998 1336 4062 Homeri
1355 3997 1519 4080 Smyrnaei
1529 4021 1537 4074 ;

415 4109 520 4176 Meles
545 4113 636 4176 enim
660 4118 710 4177 est
732 4112 855 4178 fluvius
879 4113 1058 4196 Smyrnam
1083 4115 1224 4178 alluens.
1242 4113 1289 4178 cf.
1308 4114 1393 4178 Ciris
1409 4135 1456 4178 vs.
1474 4117 1537 4179 62:

421 4248 546 4310 «neque
567 4228 720 4294 ‘Maeonise
745 4230 815 4294 baeo
838 4227 1013 4312 patiuntur
1035 4230 1168 4294 eredere
1192 4229 1346 4294 ohartae».
1363 4268 1408 4273 —
1422 4249 1539 4296 versus

416 4347 542 4427 ewstor,
565 4366 699 4416 sarmen
723 4346 786 4410 hoa
810 4367 931 4411 meum.
956 4385 1001 4390 -—
1025 4364 1159 4411 summo
1183 4345 1235 4410 ool
1258 4345 1385 4411 taerrot
1408 4346 1447 4411 iu
1469 4366 1537 4423 oro,

417 4459 438 4524 'u
464 4481 492 4526 e.
516 4462 629 4532 minus
654 4462 697 4524 sit
720 4467 837 4527 notus:
873 4464 900 4526 si
934 4463 1076 4526 summis
1099 4468 1230 4525 tantum
1254 4462 1356 4525 labris
1379 4463 1539 4527 Messalla
