3834 5492
772 689 815 732 sn
833 686 945 733 renuo.
967 685 1066 732 7—11.
1450 666 1485 719 95

361 870 439 930 tuas
462 865 599 948 cupiant
622 867 655 929 et
678 864 789 928 tristia
812 861 954 929 condere
979 863 1098 928 bella».
1118 901 1162 908 —
1185 860 1255 929 Neo
1279 867 1339 929 tuo
1357 866 1485 950 proter

363 985 396 1048 te
429 977 558 1046 obortis
592 978 744 1044 intersere
779 977 965 1063 quisquam
997 976 1104 1044 Facto
1139 982 1252 1062 queat,
1288 982 1358 1042 erat
1394 979 1484 1042 enim

362 1095 521 1161 Messalla
553 1099 664 1160 orator
697 1095 911 1160 clarissimus.
946 1131 991 1138 —
1023 1090 1154 1159 obortis
1178 1093 1340 1175 intersere,
1362 1094 1484 1158 litteris

306 1287 309 1296 ,
361 1209 540 1286 mandare;
573 1211 778 1275 locutionem
809 1204 962 1273 imitatur
993 1210 1141 1273 insertus
1174 1212 1290 1272 auster
1317 1206 1401 1272 Ciris
1425 1210 1483 1287 (vs.

364 1329 415 1392 36.
442 1330 476 1391 et
499 1327 582 1406 39.):
611 1330 661 1390 lte
687 1327 829 1392 vellem.
846 1375 855 1391 .
873 1375 881 1391 .
899 1327 1032 1408 magnis
1055 1327 1204 1390 intexere
1229 1325 1384 1388 chartis».

407 1442 444 1507 V.
471 1444 590 1508 7-11.
617 1441 680 1509 Est
701 1443 803 1509 nobis
835 1441 984 1508 voluisse
1015 1441 1112 1520 sotis,
1146 1443 1186 1506 of.
1221 1441 1316 1526 Prop.
1351 1442 1393 1506 IL
1433 1444 1483 1519 10,

362 1561 471 1624 5-6;
499 1558 666 1638 «Quodsi
690 1557 843 1622 deficient
867 1557 964 1634 vires,
990 1556 1129 1622 audacia
1159 1560 1248 1621 uerte
1280 1558 1370 1622 Laus
1403 1558 1484 1622 erit:

363 1675 400 1737 in
423 1673 555 1756 magnis
579 1677 612 1738 et
635 1675 781 1738 voluisse
806 1678 858 1737 sat
881 1679 975 1750 est»;
1006 1673 1217 1756 Propertium
1248 1675 1402 1738 imitatur
1424 1671 1483 1738 Ov,

363 1787 414 1853 Ex
434 1789 530 1854 Pont
554 1790 613 1855 Ill
639 1792 668 1867 4,
697 1792 755 1855 79:
786 1790 848 1855 «Ut
872 1789 983 1853 desint
1005 1789 1101 1866 vires,
1120 1792 1234 1852 tamen
1251 1792 1302 1853 est
1316 1787 1486 1852 laudanda

362 1907 559 1984 voluntass3
592 1910 746 1972 nostrum
777 1911 911 1990 poetam
944 1906 1070 1969 imitari
1102 1905 1233 1970 videtur
1258 1905 1417 1987 Panegyr.
1443 1903 1486 1968 ad

362 2021 473 2086 Pison.
509 2021 704 2088 hos—203:
744 2021 888 2100 «Quodsi
912 2021 1014 2102 digne
1036 2025 1096 2084 tua
1117 2020 1231 2084 minus
1255 2023 1307 2083 est
1328 2040 1405 2084 mea
1427 2039 1485 2102 pa·

362 2139 444 2219 gina
473 2137 581 2214 laude,
615 2138 658 2202 At
688 2139 834 2204 voluisse
867 2142 919 2203 sat
952 2141 1021 2202 est:
1054 2139 1214 2213 animum,
1243 2157 1313 2202 non
1336 2138 1486 2201 carmina

363 2255 482 2319 ieetos.
508 2290 551 2297 ·—
573 2251 699 2320 Phoebo
721 2253 924 2340 gratissimo
942 2251 1047 2319 doma
1072 2250 1153 2320 Cres
1170 2253 1260 2337 tulit,
1275 2253 1389 2318 fabula
1403 2253 1484 2334 legi-

362 2375 419 2434 tur
450 2370 487 2433 in
518 2368 643 2452 Hymn.
675 2369 811 2434 Homer.
845 2369 882 2433 in
912 2370 1022 2451 Apoll
1045 2389 1111 2434 vss.
1136 2371 1211 2434 391.
1236 2389 1325 2452 sqq.:
1357 2369 1484 2452 Apolli·

363 2486 459 2562 nem‚'
476 2505 552 2550 oum
575 2485 726 2568 Pythone
749 2487 858 2550 oooiso
874 2486 1039 2568 templum
1054 2485 1255 2568 Delphinum
1271 2485 1483 2562 condidisset,

364 2602 520 2666 homines
544 2599 705 2683 quosdam
728 2601 803 2682 pios
831 2621 870 2664 ex
902 2599 1027 2676 Gnoso,
1060 2601 1140 2665 urbe
1174 2599 1289 2678 Cretae,
1321 2600 1483 2683 delegisse

363 2715 406 2781 ad
438 2736 532 2781 saera
563 2717 627 2781 sibi
659 2716 819 2782 facienda
855 2715 902 2781 Of.
934 2717 1120 2799 praesertim
1142 2737 1206 2782 vss.
1232 2717 1350 2799 hymni
1375 2719 1485 2782 392-

364 2836 448 2901 395:
474 2832 583 2919 ἄνδρες
608 2833 683 2898 ἔοοιν
706 2834 815 2906 πολέες
843 2856 876 2898 τε
899 2837 953 2898 καὶ
976 2832 1097 2912 ἐσθλοί,
1121 2831 1244 2920 Κρῆτες
1269 2830 1329 2898 ἀπὸ
1353 2832 1485 2899 Κνωσοῦ

365 2945 515 3028 Μινωΐοο,
543 2947 575 3014 οἵ
595 2946 635 3035 ῥά
658 2949 685 3012 τ’
709 2947 818 3013 ἄνακτι
842 2947 925 3033 Ἱερὰ
948 2971 980 3012 τε
1004 2944 1127 3034 ῥέζουσι
1148 2951 1203 3013 καὶ
1227 2945 1411 3030 ἀγγέλλουσι
1428 2951 1485 3012 dt·

365 3089 475 3152 μιοτας
499 3064 619 3150 Φοίβου
642 3061 829 3140 Ἀπόλλωνος
848 3069 1037 3150 χροοαόροο,
1062 3061 1123 3130 ὅττι
1144 3086 1197 3128 κεν
1221 3061 1301 3149 εἴπῃ.
1318 3101 1361 3108 -
1377 3083 1482 3130 ousio-

365 3181 410 3246 tis
452 3179 589 3247 Boeoto
627 3179 811 3246 iucundior
854 3178 988 3264 hospes*
1012 3177 1145 3256 Icarus,
1185 3180 1333 3244 fabulam
1371 3184 1485 3243 narrat

364 3297 518 3380 Apollod.
551 3298 611 3362 IlI.
648 3298 699 3374 14,
735 3296 763 3362 7.
789 3301 822 3360 et
844 3295 967 3379 Hygin.
993 3296 1110 3361 Fabul
1138 3297 1220 3361 130:
1256 3294 1358 3360 «Cum
1385 3296 1485 3365 Liber

364 3415 460 3494 pater
491 3413 533 3476 ad
565 3413 719 3477 homines
753 3415 841 3476 esset
872 3414 1051 3494 profectus,
1085 3417 1123 3476 ut
1155 3432 1293 3476 suorum
1315 3414 1484 3476 fruetuum

364 3531 563 3595 suavitatem
596 3533 694 3612 atque
726 3528 969 3593 iucunditatem
996 3528 1196 3606 ostenderet,
1221 3527 1263 3592 ad
1285 3529 1429 3593 Icarium
1452 3533 1485 3592 et

364 3645 546 3728 Erigonem
569 3646 606 3708 in
629 3645 813 3728 hospitium
836 3644 975 3718 liberale
999 3643 1142 3709 devenit
1160 3645 1206 3708 Iis
1221 3648 1331 3709 utrem
1346 3645 1485 3727 plenum

364 3761 436 3826 vini
467 3761 600 3824 muneri
632 3759 723 3824 dedit
754 3761 917 3842 iussitque
948 3763 987 3823 ut
1009 3761 1046 3823 in
1069 3760 1214 3842 reliquas
1236 3764 1343 3824 terras
1365 3778 1484 3842 propa·

365 3879 491 3960 garent.
516 3876 643 3940 Icarius
666 3877 816 3959 plaustro
842 3878 980 3939 onerate
1004 3895 1080 3939 oum
1103 3875 1248 3958 Erigone
1263 3874 1333 3939 fflia
1352 3879 1385 3939 et
1403 3895 1485 3938 eane

364 3994 468 4059 Maera
499 3994 535 4058 in
566 3998 691 4058 terram
721 3994 865 4058 Attioam
898 3993 940 4056 ad
970 3997 1121 4075 pastores
1153 3992 1288 4056 devenit
1320 3997 1354 4055 et
1379 4011 1485 4075 genus

366 4111 540 4176 suavitatis
563 4108 718 4174 ostendit.
751 4109 904 4173 Pastores
936 4128 1013 4174 oum
1042 4108 1297 4172 immoderatius
1320 4107 1483 4182 biberent,

365 4226 450 4291 ebrii
473 4226 552 4290 faeti
575 4226 801 4302 oonoiderunt,
827 4226 882 4308 qui
900 4226 1100 4290 arbitrantes
1115 4224 1260 4289 Icarium
1276 4223 1340 4288 sibi
1358 4224 1486 4288 malum

365 4342 648 4406 medicamentum
672 4341 802 4406 dedisse
819 4342 963 4406 fustibus
980 4361 1056 4404 eum
1072 4341 1322 4404 interfeoenmt.
1341 4339 1486 4405 Icarium

365 4461 478 4522 eutem
510 4457 656 4522 oooisum
688 4458 779 4521 oanis
812 4457 946 4521 ululans
975 4455 1077 4520 Maera
1099 4456 1254 4539 Erigonae
1276 4456 1485 4532 monstravit,
