3834 5492
698 688 740 733 sn
759 689 854 733 nroo.
874 686 969 733 anno.
990 686 1031 731 1v.
1054 681 1168 759 11—1e.
1466 660 1505 715 55

377 869 500 933 honori
523 868 662 931 deorum
685 866 863 930 destinato.
879 901 924 909 -
943 862 1099 948 placant,
1117 862 1302 927 subiectum
1319 864 1370 925 est
1386 858 1499 933 homi-

380 1001 664 1069 campeanam
690 983 720 1046 9.
746 978 957 1045 constructio
983 979 1025 1043 ad
1047 978 1265 1043 intellectum.
1290 1015 1334 1021 -
1357 978 1505 1047 saliente

224 1101 228 1108 '
265 1138 268 1142 -
377 1099 460 1179 sale,
493 1099 571 1181 qnia
602 1098 697 1162 micae
730 1097 811 1160 salis
833 1096 870 1159 in
894 1096 1007 1177 ignem
1031 1095 1189 1158 coniectae
1214 1094 1311 1158 salire
1334 1095 1503 1161 videntur,

422 1213 460 1277 V.
488 1214 628 1278 11—16.
661 1213 843 1296 reamque
866 1213 927 1291 ast,
951 1229 1160 1292 quocumque
1183 1208 1283 1273 modo
1306 1230 1359 1275 res
1384 1230 1418 1274 se
1443 1211 1504 1275 ha-

379 1328 443 1393 bet.
468 1365 513 1373 -—
535 1326 602 1409 illi,
625 1346 668 1392 sc.
693 1327 859 1390 homines.
883 1362 928 1369 —
951 1342 1033 1390 vera
1055 1324 1199 1403 morteri,
1225 1344 1269 1389 so.
1287 1324 1437 1390 somniis.
1457 1362 1502 1371 —-

378 1441 538 1509 mendaci
561 1460 693 1521 somate,
717 1441 859 1518 somnio,
883 1444 922 1503 nt
945 1440 1004 1505 Ov.
1021 1438 1115 1503 Rem.
1132 1442 1329 1505 555—556:
1357 1440 1500 1517 adubita

284 1588 293 1600 ·
378 1578 520 1623 verusne
544 1555 672 1641 Cupido
695 1559 748 1621 An
772 1576 910 1621 somnus
934 1557 1043 1633 fuerit,
1061 1555 1128 1633 sed,
1145 1559 1235 1639 puta,
1255 1576 1393 1622 somnus
1410 1563 1498 1622 erato

379 1675 401 1738 i.
427 1695 454 1738 e.
480 1674 658 1739 somnium
685 1671 847 1737 Similiter
869 1688 974 1755 sopor
996 1691 1057 1754 pro
1082 1672 1213 1736 somnio
1230 1671 1324 1754 Verg.
1341 1673 1423 1738 Aen.
1440 1673 1500 1737 III.

384 1790 577 1853 175—176:
615 1788 700 1851 «Nec
733 1807 834 1869 sopor
865 1785 952 1850 illud
984 1789 1064 1861 erat,
1099 1785 1158 1849 sed
1188 1806 1300 1850 coram
1324 1807 1502 1869 agnoscere

379 1879 492 1968 vultus
524 1902 726 1987 Velatasque
759 1924 872 1967 comas
904 1903 1148 1986 praesentiaque
1182 1923 1240 1967 ora
1264 1903 1432 1969 videbam.
1458 1942 1502 1950 -

380 2020 499 2097 solem,
518 2039 557 2084 ex
572 2020 764 2085 coniectura
778 2018 940 2101 Postgatii
949 2040 957 2095 ;
977 2019 1018 2083 ci.
1034 2018 1123 2082 inira
1138 2018 1213 2083 adn.
1227 2020 1298 2083 crit.
1317 2020 1408 2085 adh.
1424 2022 1445 2085 l
1459 2058 1504 2066 —

380 2130 519 2219 Efficiat
541 2154 648 2200 vanos
671 2134 780 2200 riaetis
804 2133 938 2199 Lacino
963 2133 1111 2211 timores,
1128 2133 1336 2215 Lygdamum
1352 2136 1505 2201 imitatur

381 2246 495 2313 Senee.
516 2250 648 2333 Thyest.
666 2250 749 2315 812:
779 2250 917 2314 «Demet
931 2250 1023 2325 nocti
1039 2250 1122 2314 luna
1137 2251 1307 2315 timores».
1323 2288 1368 2296 —
1382 2270 1503 2333 valane,

380 2364 504 2438 irritos.
519 2402 564 2409 —
587 2366 697 2431 riaetis
715 2418 722 2431 .
741 2415 748 2430 .
765 2416 773 2430 .
792 2365 943 2449 timores,
959 2365 999 2429 de
1017 2365 1157 2429 somniis
1173 2365 1333 2443 terrificis,
1351 2371 1389 2432 ut
1403 2367 1501 2451 Prop.

380 2480 405 2543 L
434 2483 462 2556 3,
489 2483 550 2545 28:
589 2482 655 2545 «Ne
679 2502 744 2564 qua
767 2482 829 2546 tibi
852 2481 1009 2545 insolitos
1032 2484 1205 2563 portarent
1227 2483 1299 2546 visa
1322 2484 1502 2563 timores»;

381 2598 421 2661 cf.
458 2596 560 2680 Soph.
595 2598 698 2663 Elect.
734 2600 819 2665 410:
855 2598 947 2684 δεῖμα
979 2600 1131 2682 νύκτερον.
1164 2635 1208 2642 -
1239 2595 1382 2676 Lucina,
1415 2600 1501 2665 Iuno

380 2712 517 2788 Lucina,
542 2713 751 2779 matrimonii
774 2718 896 2788 custos,
922 2713 976 2776 cui
999 2715 1160 2777 matronae
1185 2712 1239 2777 die
1262 2712 1502 2781 Matronalium

382 2825 612 2892 sacrificabant
635 2830 687 2908 (cf.
713 2849 815 2911 supra
837 2826 1121 2892 introductionem
1147 2826 1188 2894 ad
1211 2827 1260 2907 L),
1284 2849 1384 2911 quam
1401 2831 1502 2895 etiam

308 2924 311 2929 ¹
382 2962 483 3025 supra
514 2943 574 3007 HL
609 2946 661 3009 33.
694 2944 862 3009 invocavit
884 2948 1002 3026 poeta:
1031 2943 1147 3007 «Adsis
1172 2947 1205 3007 et
1227 2944 1354 3009 timidis
1378 2947 1500 3024 faveas,

382 3058 549 3136 Saturnia,
584 3061 702 3138 votis»,
739 3065 778 3125 ut
810 3061 962 3124 Neaeram
997 3059 1061 3123 sibi
1094 3059 1254 3124 redderet.
1289 3061 1372 3125 Eam
1400 3062 1504 3143 igitur

381 3176 541 3239 hocloco
565 3180 668 3258 rogat,
693 3181 732 3240 ut
755 3182 951 3242 averruncet
975 3178 1106 3242 somnia
1130 3177 1310 3242 divortium
1337 3181 1390 3260 (ci.
1413 3180 1502 3246 infra

380 3311 444 3356 vss.
471 3294 627 3372 57—58.)
643 3312 718 3356 cum
734 3312 835 3357 uxore
852 3292 1042 3357 faciendum
1057 3293 1302 3375 portendentia.
1319 3292 1367 3359 Gi.
1386 3293 1500 3361 Sanco.

381 3408 466 3473 Med
496 3411 600 3474 1-22
629 3409 789 3491 «genialis
812 3408 879 3472 tori
902 3408 1031 3473 Lucina
1053 3413 1198 3473 custos».
1215 3447 1260 3454 -
1278 3410 1502 3495 immeritum,

381 3527 606 3589 innocentem.
624 3562 668 3570 —
678 3524 909 3609 pertimuisse,
927 3525 1079 3589 absolute
1095 3527 1254 3607 positum,
1270 3531 1309 3591 ut
1323 3526 1397 3592 Tac.
1413 3528 1500 3594 Ann.

381 3641 406 3704 I.
432 3643 494 3707 29:
523 3640 599 3705 «ubi
620 3641 865 3724 pertimuerint,
889 3641 1029 3722 impune
1053 3640 1254 3705 contemnis.
1271 3676 1316 3686 -
1331 3660 1392 3707 nee
1408 3643 1502 3727 turpi

381 3775 479 3821 meas
503 3760 552 3823 esi
575 3755 729 3821 obnoxia
750 3755 854 3841 facio,
886 3755 973 3818 nulli
1000 3756 1105 3837 culpae
1128 3757 1287 3833 serviens,
1310 3756 1396 3821 nulli
1419 3758 1501 3822 vitio

382 3872 568 3948 subiectus;
593 3873 635 3936 of.
660 3869 795 3936 Sallust
821 3869 917 3936 Catil.
942 3873 995 3949 52,
1031 3873 1092 3936 m:
1133 3871 1284 3935 «animus
1315 3870 1352 3935 in
1383 3892 1501 3939 conso-

382 3989 486 4054 lundo
518 3988 603 4053 liber
634 3978 742 4071 neque
774 3987 895 4052 delicto
928 4008 1036 4071 neque
1068 3986 1212 4051 lubidini
1238 3986 1432 4051 obnoxiuso.
1456 4025 1502 4033 —

382 4101 452 4170 Nec
478 4103 565 4170 laesit
587 4122 731 4188 mopsos
754 4103 864 4189 impia
888 4103 1011 4190 linqua
1027 4100 1119 4185 daos,
1135 4107 1173 4168 ut
1187 4103 1276 4166 infra
1290 4102 1329 4167 V.
1348 4104 1499 4168 13-14:

388 4220 473 4284 «Nec
504 4239 567 4283 nos
600 4221 728 4284 insanae
751 4218 953 4283 meditantes
976 4219 1084 4300 iurgia
1106 4218 1230 4283 mentis
1252 4217 1359 4299 Impia
1383 4219 1419 4281 in
1443 4218 1501 4281 ad-

382 4356 496 4402 versos
520 4336 681 4401 solvimus
704 4356 763 4399 ora
786 4335 908 4412 deosr;
932 4338 1033 4418 poeta
1055 4336 1200 4418 respexit
1222 4333 1291 4399 Tib.
1315 4334 1341 4399 Ι.
1365 4335 1396 4413 l,
1414 4334 1502 4399 79-

383 4455 444 4519 80:
483 4452 587 4516 «Num
614 4450 754 4515 Veneris
777 4470 907 4533 magnae
930 4450 1051 4514 violavi
1076 4448 1216 4514 numina
1238 4449 1338 4513 verbo
1361 4448 1405 4513 Et
1426 4467 1503 4511 mea
