3834 5492
726 716 769 760 un
788 716 880 759 oron.
901 712 995 758 nnnc.
1015 714 1037 758 1.
1057 710 1172 758 se-cs.
1479 688 1512 743 37

394 902 473 963 nate
502 915 663 979 reponere
686 894 816 958 laetusl.
840 927 885 937 —
917 894 1045 957 mutuo
1068 906 1161 966 cura,
1188 910 1283 954 amor
1305 892 1451 966 mutuus,
1476 898 1514 956 ut

395 1013 453 1079 0v.
476 1010 556 1076 Met.
579 1010 651 1075 VIL
676 1009 760 1074 800:
798 1006 933 1071 «Mutua
966 1025 1045 1070 cura
1078 1004 1157 1070 deos
1190 1008 1223 1069 et
1256 1023 1350 1071 amor
1381 1007 1514 1072 socialis

394 1130 568 1195 habebat».
601 1164 646 1173 -
678 1128 745 1194 icio
775 1127 910 1209 pectore
942 1118 1137 1203 deciderim,
1169 1125 1269 1205 poeta
1300 1127 1376 1187 ante
1401 1124 1515 1188 oeulos

394 1248 552 1312 habuisse
583 1244 715 1310 videtur
748 1242 867 1307 Catull
903 1238 955 1314 66,
991 1238 1142 1302 24-25:
1180 1236 1243 1303 «Ut
1265 1238 1325 1303 tibi
1349 1245 1422 1303 tum
1445 1243 1515 1305 toto

395 1365 527 1447 pectore
552 1360 703 1425 sollicite
729 1357 889 1424 Sensibus
913 1354 1036 1437 ereptis
1059 1374 1156 1418 mens
1180 1354 1331 1419 excidito.
1355 1355 1402 1421 cf.
1416 1356 1515 1423 Hom.

396 1480 435 1543 Il.
459 1476 580 1542 XXIII.
600 1476 686 1564 595:
719 1471 740 1559 ἢ
765 1477 861 1554 σοίγε,
885 1472 1057 1558 διοτρεφές,
1083 1470 1189 1558 ἤματα
1212 1474 1309 1535 πάντα
1334 1470 1391 1539 Ἐκ
1412 1476 1517 1561 θυμοῦ

397 1598 534 1673 eseiam
559 1592 624 1657 Cic.
649 1592 710 1673 Ep.
735 1589 777 1654 ad
800 1589 893 1652 Fam.
915 1587 988 1651 VH.
1018 1587 1077 1651 14:
1105 1584 1183 1652 «Sin
1206 1588 1313 1653 nostri
1337 1590 1459 1654 oblitus
1473 1612 1518 1669 es,

401 1709 485 1776 dabo
510 1729 655 1791 operam,
681 1711 718 1771 ut
741 1707 827 1769 istuc
850 1704 994 1781 veniam,
1019 1707 1197 1786 antequam
1220 1705 1321 1786 plane
1344 1726 1383 1769 ex
1407 1706 1519 1771 animo

400 1832 459 1892 tuo
482 1824 623 1901 effluo»;
649 1822 708 1887 Ov.
732 1823 812 1887 Her.
839 1823 868 1896 ᾖ,
897 1821 980 1885 105;
1009 1820 1136 1902 «thue
1159 1820 1222 1884 tibi
1238 1820 1427 1899 excidimus,
1445 1825 1520 1888 nul-

401 1945 468 2007 lam
491 1945 574 2023 puto
597 1939 751 2023 Phyllida
775 1938 898 2002 nosti».
921 1974 966 1981 —
989 1933 1060 2001 Sed
1070 1936 1227 2021 plinium
1244 1938 1404 2004 meritam
1421 1939 1522 2027 laroc

401 2056 525 2124 dcaoic
559 2057 669 2122 solute
704 2055 815 2140 Atque
848 2052 919 2119 boec
950 2050 1125 2118 submisso
1158 2052 1257 2120 dicite
1288 2056 1392 2121 verba
1426 2075 1520 2135 solco,

400 2175 512 2237 locum
544 2173 697 2236 imitatur
729 2169 809 2235 Stet.
845 2168 924 2234 silv.
958 2168 1013 2233 IV.
1047 2169 1077 2245 4,
1115 2170 1253 2237 10-11.
1280 2171 1321 2235 ad
1345 2172 1523 2253 epistulam

324 2338 330 2345 -
403 2311 497 2355 suani
521 2288 679 2353 Marcello
703 2290 862 2353 missam:
890 2285 970 2351 «Cui
988 2286 1134 2367 primum
1154 2286 1359 2369 solitovulgi
1376 2289 1523 2354 demere

404 2406 557 2481 salntem,
570 2404 650 2470 Mox
661 2406 793 2468 inclusa
803 2402 912 2467 modis
924 2404 994 2465 haec
1011 2402 1146 2466 reddere
1162 2401 1262 2466 verba
1277 2408 1445 2469 memento
1453 2430 1525 2469 s,-

403 2522 573 2600 mcriiom,
597 2542 668 2605 quae
692 2521 794 2605 digna
816 2525 868 2584 est
889 2520 951 2583 tali
975 2518 1186 2583 salutatione.
1210 2556 1255 2563 —
1280 2520 1379 2605 torpa
1402 2518 1525 2587 doccia

407 2638 529 2720 salute,
553 2638 652 2702 dicite
685 2640 716 2702 ei
749 2639 893 2701 salutem
919 2636 1101 2719 plurimam
1124 2637 1269 2700 formula
1292 2637 1457 2702 sollemni.
1481 2676 1527 2683 -

407 2752 577 2819 submisso
594 2804 602 2818 .
620 2805 628 2819 .
647 2806 653 2818 .
674 2771 769 2831 socco,
801 2754 874 2816 vult
900 2752 992 2815 enim
1015 2750 1164 2815 modeste
1201 2755 1235 2815 et
1266 2751 1450 2816 verecunde
1474 2774 1526 2817 ex·

408 2888 502 2934 oraro
524 2870 682 2951 puellam,
706 2873 745 2933 ut
775 2869 977 2951 ingratiam
1001 2886 1113 2932 secum
1135 2867 1266 2944 redeat;
1299 2870 1341 2933 cf.
1365 2867 1423 2934 Ov.
1448 2866 1526 2933 Met

408 2984 478 3049 VIL
512 2986 574 3050 90:
612 2986 791 3049 «auxilium
825 2984 992 3048 submissa
1023 3002 1103 3048 voce
1130 2982 1277 3065 rogavit»
1306 2987 1338 3047 et
1360 2984 1410 3048 Ex
1432 2986 1526 3049 Pont.

407 3096 463 3165 IV.
489 3101 520 3179 3,
544 3102 605 3165 la:
634 3103 782 3183 «rogavit
805 3099 979 3165 Submissa
1003 3099 1135 3181 fugiens
1153 3119 1233 3163 voce
1249 3100 1380 3166 clientis
1397 3122 1526 3184 opem».

454 3216 491 3281 V.
517 3218 659 3282 23-28.
682 3217 737 3282 uic
760 3214 944 3300 quotidem,
970 3217 1111 3279 maritus
1135 3216 1226 3281 olim.
1242 3254 1286 3262 —
1301 3229 1394 3282 llult'c
1408 3219 1529 3304 fictor,

409 3332 468 3413 qui
498 3336 541 3407 te,
577 3351 778 3414 quamquam
812 3351 888 3394 eum
921 3330 1103 3411 repudiasti
1130 3331 1298 3407 maritum,
1323 3352 1393 3397 non
1416 3334 1529 3399 minus

410 3450 511 3522 amat,
544 3467 645 3529 quam
677 3448 779 3511 frater
806 3466 964 3510 sororem.
989 3482 1034 3490 —
1062 3443 1171 3531 Teque
1194 3446 1267 3513 scis
1295 3446 1388 3513 iurat
1412 3466 1530 3513 ccccm

409 3560 525 3647 inopis
548 3581 622 3628 csse
644 3560 820 3645 medullis,
843 3565 931 3627 iurat
953 3567 987 3626 te
1012 3562 1075 3627 sibi
1099 3563 1260 3627 cariorem
1284 3576 1355 3627 esse
1374 3564 1531 3629 medullis

411 3678 483 3741 suis
506 3677 582 3756 (abl.
607 3682 742 3761 comp.);
769 3681 810 3743 ci.
826 3678 1019 3743 Maecenatis
1036 3680 1241 3761 epigramma
1256 3680 1293 3743 in
1308 3678 1386 3744 Vita
1399 3680 1533 3745 Horatii

413 3789 639 3857 Suetoniana:
679 3793 738 3856 «Ni
773 3797 806 3857 te
841 3794 1024 3859 visceribus
1058 3794 1151 3869 meis,
1187 3792 1317 3869 Horati,
1353 3795 1431 3859 Plus
1464 3796 1532 3861 iam

411 3906 548 3988 diligo».
582 3944 627 3952 -
658 3905 737 3974 Sive
769 3909 837 3974 sibi
869 3908 1022 3974 coiziuiccc
1046 3908 1115 3974 sive
1137 3908 1258 3995 fotura
1280 3926 1390 3991 soror,
1422 3912 1533 3976 locum
1636 3913 1640 3921 ’

413 4026 493 4085 ante
516 4022 630 4088 oculos
653 4023 810 4088 habuisse
833 4024 964 4089 videtur
985 4023 1246 4090 Pseudo-Senes
1271 4023 1340 4089 Oet.
1366 4025 1453 4103 671.,
1477 4029 1533 4092 ubi

392 4135 554 4202 ·Ootavia
576 4157 598 4201 a
622 4138 753 4203 Nerone
785 4139 960 4222 repudiata
995 4138 1094 4203 dicit:
1132 4138 1251 4205 «Soror
1280 4140 1431 4223 Augusti,
1465 4164 1534 4207 non

417 4274 499 4318 uxor
513 4274 603 4320 eros.
619 4290 663 4301 ——
678 4256 809 4342 futura,
827 4256 965 4341 supple:
982 4275 1037 4333 es;
1061 4257 1168 4319 rarior
1190 4256 1328 4339 ellipsis.
1346 4256 1391 4322 Oi.
1410 4258 1534 4324 Lucan.

415 4366 489 4434 VII.
525 4370 719 4436 781-781:
761 4392 862 4455 «quos
898 4376 956 4436 aut
996 4372 1169 4436 Pharsalia
1201 4372 1293 4448 vidit,
1332 4374 1399 4437 Aut
1437 4375 1537 4439 ultrix

418 4484 538 4550 visura
570 4486 673 4563 dies»,
708 4486 767 4551 ubi
799 4489 938 4572 supple:
972 4492 1042 4552 est·
1061 4524 1106 4533 —
1138 4486 1206 4553 Sed
1233 4487 1351 4573 potius
1374 4489 1537 4570 coiciuacc,
