3834 5492
763 679 806 722 nr>
823 677 937 723 nenne.
960 675 1110 723 rto—146.
1452 656 1503 711 113

377 855 434 918 ille
459 854 584 918 bellum
608 853 772 919 indictum
795 855 887 918 hosti
911 875 987 918 cum
1010 853 1150 918 flumine
1174 855 1267 936 gerit
1297 854 1362 918 Hic
1394 854 1501 942 saror,

377 970 458 1052 quid
481 971 572 1034 enim
605 968 697 1033 aliud
728 973 870 1033 vocesa»
905 1007 950 1014 -
982 968 1077 1053 Aret,
1109 968 1214 1053 Cyrus
1247 971 1338 1034 enim
1371 971 1502 1037 alveurn
1539 1002 1541 1011 ·

377 1085 471 1151 fluvii
495 1087 620 1150 siccum
644 1086 741 1161 fecit3
767 1087 807 1150 cf.
834 1083 948 1150 Senec.
973 1085 1023 1150 De
1039 1086 1089 1149 ira
1104 1086 1165 1150 ΙΠ.
1183 1088 1244 1150 21:
1274 1086 1366 1150 «an
1383 1087 1502 1153 deinde

378 1221 513 1266 omnem
535 1201 710 1264 transtulit
732 1200 813 1264 belli
837 1203 1034 1282 apparatum
1058 1204 1091 1265 et
1109 1201 1239 1264 tamdiu
1255 1201 1385 1267 adsedit
1399 1205 1501 1286 operi,

377 1318 483 1382 donec
515 1314 540 1380 Ο
573 1320 605 1380 et
637 1315 759 1380 LXXX
791 1315 957 1379 cuniculis
982 1315 1126 1379 divisum
1150 1315 1283 1380 alveum
1307 1318 1343 1380 in
1367 1316 1446 1383 CCC
1469 1324 1503 1384 et

378 1432 436 1496 LX
468 1433 558 1496 rivos
591 1431 797 1513 dispergeret
829 1435 862 1493 et
893 1429 1024 1494 siccum
1047 1431 1252 1514 relinqueret
1274 1433 1311 1497 in
1334 1432 1503 1499 diversum

377 1548 559 1612 fluentibus
584 1547 711 1628 aquis».
737 1543 892 1609 Ceterum
909 1548 983 1609 aret
1000 1549 1051 1608 est
1066 1547 1259 1611 coniectura
1272 1547 1502 1626 Lachmanni3

378 1666 418 1729 cf.
443 1665 532 1728 infra
554 1663 629 1728 adn.
654 1663 725 1726 crit.
752 1660 793 1725 ad
812 1662 844 1726 h.
862 1662 884 1725 l.
901 1697 947 1706 -
965 1658 1137 1727 Chaldaeis
1155 1714 1162 1726 .
1182 1715 1188 1727 .
1207 1715 1214 1727 .
1236 1663 1381 1748 campie,
1395 1662 1501 1745 Baby·

377 1783 500 1856 loniis;
527 1777 662 1862 Gyndes
686 1777 777 1841 enim
800 1777 1024 1860 Babyloniam
1046 1777 1191 1860 perfluit
1220 1777 1376 1843 Ceterum
1399 1776 1502 1845 Chol-

377 1893 461 1961 dois
497 1894 614 1976 scripsi
649 1915 688 1957 ex
719 1914 794 1959 mea
829 1894 1041 1969 coniectura;
1076 1895 1117 1958 cf.
1150 1894 1240 1958 infra
1263 1895 1339 1960 adn.
1364 1897 1436 1961 crit.
1461 1898 1503 1962 ad

376 2012 409 2076 h.
435 2011 456 2075 L
490 2047 534 2054 —
567 2011 645 2074 octe
677 2005 775 2074 audo
802 2027 934 2094 porum
967 2005 1117 2094 hospita,
1149 2015 1247 2073 antec
1276 2010 1399 2077 fluvius
1432 2034 1503 2078 non

376 2127 532 2210 pervins3
555 2131 656 2210 poeta
678 2125 831 2189 imitatur
853 2124 949 2206 Verg.
977 2123 1035 2189 Ge.
1060 2124 1119 2190 III.
1138 2127 1324 2192 etl-eon.
1343 2127 1502 2195 defluvio

377 2244 500 2325 frigore
536 2243 691 2306 astricto:
728 2238 921 2326 «Uriosque
954 2240 1022 2305 iarn
1055 2246 1148 2324 tergo
1183 2244 1325 2308 ferratos
1360 2246 1505 2311 sustinet

377 2361 484 2435 orbes,
517 2359 689 2442 Puppibus
721 2359 780 2422 illa
811 2359 915 2441 prius,
949 2358 1075 2440 patulis
1110 2380 1200 2423 nunc
1236 2359 1374 2445 bospite
1406 2362 1502 2444 plau·

377 2477 488 2540 stris».
522 2473 569 2539 Of.
601 2472 715 2538 Senec.
746 2471 796 2536 De
828 2473 879 2536 ira
910 2472 971 2537 ΙΠ.
1005 2475 1067 2538 a1:
1104 2473 1251 2557 «lerus)
1270 2473 1413 2557 Gynden
1435 2477 1503 2540 late

376 2593 488 2655 fusum
521 2611 656 2654 amnem
687 2589 772 2654 vado
805 2590 948 2654 transire
979 2591 1164 2672 temptavit,
1197 2589 1286 2672 quod
1312 2591 1368 2655 vix
1390 2595 1502 2655 tutum

378 2713 436 2784 est,
474 2708 576 2771 etiam
609 2725 684 2769 curn
712 2705 818 2768 sensit
841 2708 992 2769 estatem
1016 2709 1049 2769 et
1072 2703 1114 2768 ad
1137 2707 1318 2770 minimum
1342 2706 1502 2772 deductus

378 2827 459 2889 est».
493 2861 537 2867 —
570 2824 661 2904 ante,
694 2822 812 2903 scripsi
845 2842 884 2884 ex
915 2841 992 2884 mea
1014 2823 1205 2887 coniectura
1213 2846 1221 2900 ;
1248 2825 1287 2887 cl.
1312 2824 1401 2887 infra
1424 2822 1499 2888 adn

377 2939 447 3003 crit.
474 2938 570 3002 adh.
596 2937 618 3001 l.
642 2974 687 2980 —
705 2955 848 3020 parum,
872 2937 991 3018 scripsi
1014 2957 1053 3000 ex
1076 2938 1268 3001 coniectura
1289 2937 1433 3020 Heynii;
1458 2939 1500 3002 cf.

376 3053 466 3116 infra
488 3051 564 3116 adn
590 3051 661 3115 crit.
686 3049 785 3115 adh.
810 3051 831 3116 l.
856 3088 902 3094 —
924 3049 1072 3137 hospita,
1091 3052 1131 3115 de
1154 3052 1267 3130 fluvio,
1291 3057 1330 3117 ut
1351 3053 1449 3136 Prop.
1473 3055 1500 3118 I.

377 3169 512 3251 20,10;
542 3166 758 3248 «ubicumque
782 3185 868 3246 vago
890 3164 1042 3230 fluminis
1065 3166 1245 3250 hospitio».
1269 3203 1315 3211 —
1336 3163 1407 3232 Nec
1430 3186 1501 3253 qua

376 3301 484 3368 ropac
514 3299 602 3368 copo
640 3279 795 3364 Tomyris
819 3279 931 3362 finivit
956 3277 1087 3364 Areae,
1110 3279 1262 3364 Tomyris
1285 3281 1350 3346 fuit
1372 3281 1500 3348 Massa·

377 3401 528 3480 getarum
551 3397 676 3478 regina,
701 3416 773 3478 ques
797 3396 893 3477 regni
915 3395 1018 3460 finem
1040 3396 1171 3460 Araxen
1193 3397 1281 3461 fecit.
1299 3395 1405 3479 Cyrus
1424 3417 1500 3462 cum

377 3535 417 3578 ea
440 3515 642 3595 belligerans
666 3516 699 3576 et
721 3513 810 3577 ultra
833 3513 963 3576 Araxen
986 3532 1182 3595 progressus
1206 3513 1334 3577 occisus
1357 3516 1417 3577 est
1451 3511 1499 3577 Cf.

376 3630 537 3694 Herodot.
561 3629 587 3694 L
612 3631 687 3695 205.
713 3650 781 3713 sqq.
815 3667 860 3674 —-
885 3626 1001 3714 Impia
1023 3629 1077 3695 ccl
1099 3628 1199 3696 sucis
1221 3628 1398 3694 celebrans
1422 3648 1500 3694 coc·

376 3745 469 3810 'ciclo
491 3743 619 3810 mensis
635 3796 642 3809 .
661 3795 668 3809 .
687 3795 694 3809 .
712 3741 873 3827 Padusae,
896 3745 918 3806 i.
944 3765 971 3808 e.
989 3744 1043 3808 vel
1058 3764 1125 3826 qna
1139 3743 1277 3808 Padaeus
1293 3764 1373 3809 arva
1388 3748 1481 3808 tenet
1491 3767 1500 3822 ;

285 3912 289 3918 .
377 3881 441 3925 vss.
470 3860 654 3926 143-144.
678 3879 740 3925 aec
764 3878 834 3945 quo
860 3897 905 3904 —-
936 3858 989 3924 oet
1021 3859 1138 3924 eodem
1169 3860 1270 3924 modo
1302 3860 1497 3942 iunguntur,

377 3997 442 4058 quo
466 3995 530 4039 vss.
558 3975 741 4039 140—141.
766 3993 828 4039 acc
849 3991 920 4057 qua
942 4008 988 4018 -
1012 3978 1081 4038 cat.
1098 3973 1219 4052 Padaei,
1235 3975 1380 4056 populus
1395 3973 1500 4038 Indiae

378 4090 559 4168 orientalis,
585 4093 727 4172 aegrotos
751 4108 913 4171 senesque
938 4088 1087 4152 occidere
1112 4093 1144 4152 et
1168 4109 1266 4152 carne
1283 4108 1395 4152 eorem
1411 4091 1499 4154 vesci

379 4205 531 4270 solebant
566 4205 749 4270 secundum
783 4203 907 4268 Herod
944 4203 1020 4267 ΙΠ.-
1038 4205 1091 4267 99.
1124 4236 1169 4247 ——
1201 4199 1332 4268 Ultima
1364 4202 1498 4269 vicinus

378 4319 503 4386 Plroebo
524 4325 610 4388 tenet
634 4340 719 4386 orco
741 4316 900 4402 Padaeus,
913 4321 1015 4400 poeta
1029 4317 1175 4400 respexit
1190 4314 1310 4382 Catuli.
1326 4317 1376 4394 11,
1394 4318 1498 4382 2-4:

382 4432 476 4498 «Sive
508 4435 545 4499 in
571 4441 736 4499 extremos
758 4431 947 4516 penetrabit
970 4431 1082 4509 Indos,
1107 4431 1203 4495 Litus
1225 4434 1265 4494 ut
1287 4430 1385 4512 longe
1408 4452 1498 4496 reso-

431 4572 549 4624 Ne'metlry
556 4584 564 4614 :
578 4574 696 4625 Lypdami
706 4572 829 4615 carmine.
1374 4551 1392 4605 8
