3834 5492
420 650 454 703 ἥ
863 672 1092 719 senseramus.

509 848 590 929 Quis
613 848 783 913 tardamve
807 847 923 913 sudem
946 849 1067 913 melius
1090 852 1272 915 celeremue
1297 850 1451 933 sagittam

432 995 461 1032 eo
507 964 626 1028 lecerit
649 967 707 1026 aut
728 964 819 1026 lento
843 966 1039 1047 perfregerit
1062 965 1159 1029 obvia
1182 966 1260 1047 pilo,

507 1080 574 1143 Aut
596 1078 671 1161 quis
695 1097 816 1160 equum
839 1080 1046 1163 celeremque
1071 1085 1141 1143 arto
1166 1099 1373 1163 compescere
1397 1083 1491 1144 freno

508 1194 618 1259 Possit
641 1198 674 1257 et
698 1192 819 1258 effusas
842 1194 936 1258 tardo
962 1195 1154 1277 permittere
1179 1195 1327 1259 habenas

508 1312 615 1393 Inque
637 1310 745 1375 vicem
768 1311 868 1376 modo
892 1312 1017 1376 directo
1041 1312 1241 1377 contendere
1266 1332 1377 1394 passu,

509 1424 574 1490 Seu
596 1426 708 1502 libeat,
735 1445 834 1490 curvo
858 1426 989 1491 brevius
1013 1425 1185 1491 decurrere
1208 1447 1298 1509 gyro,

432 1572 461 1609 se
508 1541 590 1621 Quis
613 1560 738 1623 parma,
765 1561 824 1605 seu
847 1542 960 1606 dextra
980 1543 1063 1607 uelit
1087 1562 1145 1605 sen
1167 1542 1259 1611 laeva.
1285 1544 1381 1619 tueri,

508 1657 583 1725 Sive
607 1658 670 1721 hoc
692 1659 762 1721 sive
785 1658 863 1722 illac
885 1659 999 1722 veniat
1020 1658 1130 1740 gravis
1153 1659 1298 1740 impetus
1322 1659 1436 1735 hasta,

507 1773 625 1856 Aptior
647 1778 706 1837 aut
729 1774 860 1855 signata
882 1774 948 1837 cita
972 1774 1045 1837 loca
1067 1778 1204 1855 tangere
1228 1774 1342 1839 funda.

507 1888 580 1952 Iam
600 1889 702 1952 simul
724 1888 859 1951 audacis
882 1889 1022 1953 veniant
1045 1889 1228 1953 certamina
1250 1888 1376 1965 Martis,

506 2005 726 2087 Adversisque
749 2008 869 2085 parent
891 2006 980 2069 acies
1004 2024 1198 2069 concurrere
1223 2006 1336 2086 signis,

419 2153 461 2189 100
508 2122 592 2185 Tum
616 2121 676 2185 tibi
699 2140 769 2184 non
793 2120 880 2185 desit
902 2121 1022 2185 faciem
1046 2139 1245 2201 componere
1270 2140 1400 2203 pugnes,

507 2237 574 2302 Seu
597 2240 641 2300 sit
665 2256 749 2319 opus
774 2235 972 2319 quadratum
995 2238 1083 2300 acies
1106 2237 1268 2300 con-sistat
1290 2238 1327 2301 in
1351 2258 1479 2320 agmen,

508 2353 631 2416 Rectus
654 2356 692 2414 ut
715 2351 853 2433 aequatis
877 2350 1029 2415 decurrat
1054 2352 1219 2415 frontibus
1243 2352 1333 2423 ordo,

508 2468 573 2534 Seu
597 2466 700 2530 libeat
723 2465 890 2547 duplicem
914 2465 1092 2530 seiunctim
1116 2486 1249 2529 cernere
1274 2466 1426 2547 Martem,

505 2586 627 2649 Denter
649 2585 700 2649 uti
722 2585 843 2648 laevum
866 2588 980 2647 teneat
1004 2582 1220 2664 dextrumque
1245 2584 1380 2647 sinister

416 2732 459 2770 10⁵
506 2701 604 2766 Miles
629 2701 736 2782 sitque
760 2698 880 2781 duplex
903 2699 1029 2780 gemini
1053 2698 1190 2764 victoria
1214 2718 1319 2763 cesus.

549 2818 592 2879 At
615 2836 683 2879 non
707 2836 766 2899 per
789 2814 906 2878 dubias
931 2819 1042 2878 errant
1065 2835 1140 2878 mea
1163 2816 1313 2878 carmina
1335 2816 1472 2881 laudes:

506 2933 591 2997 Nam
614 2932 711 2996 bellis
735 2938 868 3014 experta
892 2952 986 2997 cano.
1012 2931 1119 2996 Testis
1143 2932 1226 2996 mihi
1250 2935 1388 3018 victa„-

505 3049 616 3113 Fortis
639 3049 785 3132 Iapydiae
808 3050 915 3125 miles,
940 3050 1036 3114 testis
1060 3070 1190 3132 quoque
1214 3050 1314 3113 fallax

507 3166 701 3229 Pannonius
725 3164 851 3247 gelidas
874 3166 1000 3248 passim
1025 3164 1182 3229 disiectus
1206 3165 1242 3228 in
1265 3166 1376 3248 Alpes,

417 3314 460 3350 110
505 3282 612 3346 Testis
630 3282 790 3364 Arupinis
814 3287 846 3345 et
868 3301 996 3363 pauper
1018 3284 1117 3345 natus
1140 3282 1176 3343 in
1200 3281 1296 3357 arvis,

507 3398 613 3477 Quem
639 3398 765 3479 siquis
789 3396 900 3459 videat
923 3400 1018 3460 vetus
1042 3400 1172 3459 utnon
1197 3396 1330 3477 fregerit
1353 3402 1442 3472 aetas,

506 3513 612 3575 Terna
635 3513 748 3574 minus
771 3511 870 3592 Pyliae
894 3511 1034 3574 miretur
1057 3510 1177 3574 saecula
1200 3510 1307 3575 lamae.

416 3660 477 3697 trra
505 3629 664 3709 Namque,
690 3647 790 3690 senex
812 3627 920 3706 longae
943 3628 1072 3708 peragit
1095 3625 1173 3688 dum
1197 3627 1458 3708 temperante,

506 3743 648 3808 Centum
672 3740 831 3805 fecundos
854 3741 952 3804 Titan
976 3741 1184 3803 renovaverit
1208 3760 1325 3819 annos,

504 3860 581 3941 Ipse
604 3862 719 3921 tamen
741 3858 837 3921 velox
860 3857 1001 3919 celerem
1025 3876 1124 3938 super
1146 3857 1241 3920 edere
1265 3877 1385 3939 corpus

416 4005 458 4042 115
504 3973 613 4038 Audet
637 3994 759 4056 equum
782 3974 966 4056 validisque
991 3974 1083 4037 sedet
1105 3973 1293 4037 moderator
1316 3972 1467 4037 habenis.

504 4091 548 4154 Te
572 4090 654 4154 duce
678 4110 747 4153 non
772 4090 855 4154 alias
879 4110 1058 4155 conversus
1081 4095 1174 4172 terga
1197 4090 1349 4154 domator

504 4205 624 4269 Libera
647 4204 806 4269 Romanae
831 4205 971 4269 subiecit
994 4206 1080 4269 colla
1103 4210 1236 4269 catenae.

549 4321 615 4383 Nec
639 4326 752 4384 tamen
776 4321 830 4383 his
854 4326 1031 4385 contentus
1051 4322 1135 4385 eris:
1159 4321 1286 4383 maiora
1308 4321 1454 4402 peractis
1504 4322 1510 4335 '

504 4436 644 4513 Instant,
671 4441 878 4518 compertum
903 4441 952 4501 est
975 4437 1146 4501 veracibus
1170 4441 1208 4500 ut
1229 4435 1312 4499 mihi
1339 4436 1456 4518 signis,
