3834 5492
419 667 468 742 178
827 706 870 750 aa
887 703 1126 750 issaemomi.

417 882 505 948 Abte
537 903 597 966 pro
632 880 690 965 ad,
716 886 754 945 ut
779 882 841 945 hoa
865 883 948 958 loeo,
975 882 1118 945 oeeurrit
1142 881 1229 962 apud
1254 879 1313 945 Ov.
1337 881 1409 944 Am.
1435 881 1461 946 Ι.
1488 883 1537 958 13,

418 1001 456 1061 9:
494 998 621 1080 «Atque
654 997 771 1061 eadem
804 1017 967 1078 sponsum
990 998 1116 1060 multos
1141 1001 1218 1063 ante
1243 996 1329 1060 atria
1351 997 1478 1060 mittis»
1507 1002 1540 1060 et

417 1113 497 1179 ibid.
514 1113 557 1177 Π.
577 1115 626 1189 13,
645 1111 708 1178 ab:
737 1111 830 1195 «ipse
847 1114 952 1176 feram
969 1117 1047 1175 ante
1064 1117 1140 1176 tuos
1156 1132 1297 1176 munera
1312 1117 1391 1176 vota
1405 1112 1538 1194 pedes»,

464 1227 498 1294 3.
521 1228 572 1294 ΕΙ.
596 1228 635 1293 V.
662 1231 721 1293 15:
798 1223 800 1226 ’

577 1349 618 1410 Et
639 1349 779 1410 nondum
802 1353 872 1410 sani
893 1351 999 1425 nigros
1021 1353 1125 1411 loesere
1146 1352 1284 1427 capillos.

418 1487 466 1552 Of.
500 1485 559 1552 Ov.·
591 1487 664 1550 Am.
697 1487 722 1550 L
760 1488 809 1564 10,
847 1488 906 1551 14:
940 1485 1053 1549 «Nune
1076 1486 1200 1549 mentis
1223 1487 1306 1550 vitio
1330 1487 1411 1550 laesa
1433 1483 1540 1568 figura

418 1607 475 1664 tua
492 1606 559 1665 est»
581 1604 613 1664 et
636 1601 673 1665 A.
698 1602 734 1664 A.
761 1601 820 1666 III.
845 1603 928 1666 207:
958 1601 1064 1664 «Hine
1088 1621 1218 1684 quoque
1242 1602 1435 1684 praesidium
1451 1602 1538 1664 laesae

418 1716 560 1797 petitote
583 1715 731 1798 figurae».

462 1826 500 1894 4.
523 1830 574 1894 ΕΙ.
598 1830 637 1895 V.
664 1829 838 1896 33-—32122v

579 1955 703 2012 Interea
723 1954 828 2029 nigras
849 1953 982 2030 pecudea
1003 1954 1174 2031 promittite
1194 1955 1261 2015 Diti

618 2060 658 2119 Et
679 2061 762 2119 nivei
783 2062 871 2120 laetis
893 2062 1004 2136 poeula
1023 2062 1122 2121 mixta
1143 2080 1238 2121 mero.

419 2214 465 2279 Of.
500 2215 629 2278 Lueret.
664 2215 724 2279 111.
757 2213 898 2279 52--53
927 2216 979 2295 (de
1003 2216 1197 2280 hominibus
1219 2221 1365 2280 mortem
1388 2218 1537 2280 timenti·

418 2331 508 2408 bus):
547 2329 607 2392 «Et
640 2331 752 2412 nigras
785 2335 934 2394 mactant
961 2333 1103 2413 pecudes
1137 2337 1170 2395 et
1192 2332 1349 2396 Manibus
1375 2333 1460 2397 divis
1483 2333 1536 2395 In·

419 2446 518 2508 ferias
541 2445 715 2509 mittunt».

463 2561 498 2626 5.
522 2563 572 2627 ΕΙ.
596 2563 649 2628 VI.
675 2563 733 2626 24:

579 2687 720 2749 eadmeae
743 2687 851 2746 mattis
873 2687 978 2763 prada
999 2692 1126 2746 eruenta
1148 2687 1245 2746 doeet.

419 2839 465 2904 Of.
493 2839 551 2905 Ov.
575 2841 665 2905 Fast.
688 2840 750 2906 ΙΠ.
775 2841 859 2905 7Ε1ε
890 2841 956 2904 «Tu
980 2861 1110 2925 quoque
1133 2840 1297 2904 Thebanae
1321 2840 1413 2903 mala
1428 2838 1539 2922 praeda

421 2956 572 3019 tacebere
595 2957 747 3021 matris».

465 3069 499 3134 6.
524 3071 575 3134 ΕΙ.
599 3070 653 3135 VI.
680 3072 831 3136 39-40:

579 3194 705 3266 Gnosia,
727 3195 853 3254 Thesea
876 3195 1033 3271 quondam
1054 3197 1190 3272 periuria
1210 3198 1324 3272 linguae

619 3301 755 3372 Flevisti,
778 3301 885 3375 ignoto
907 3303 973 3361 sola
993 3301 1101 3360 relicta
1122 3304 1210 3362 mari.

419 3451 466 3516 cf.
501 3452 558 3517 Ov.
592 3455 665 3518 Am.
700 3454 726 3517 Ι.
762 3456 790 3530 7,
829 3457 976 3520 15-16;
1017 3456 1124 3519 «Talis
1159 3457 1284 3538 periuri
1308 3456 1538 3538 promissaque

418 3568 556 3651 velaque
580 3569 697 3632 Thesei
720 3569 829 3634 Flevit
852 3572 1040 3653 praeeipites
1065 3570 1182 3636 Cressa
1206 3573 1324 3635 tulisse
1347 3576 1482 3635 notos».

947 3844 1003 3910 IV.

783 3984 840 4043 AD
863 3984 1172 4048 Psinemoun.

467 4114 498 4179 1.
522 4117 644 4197 Paneg.
669 4117 754 4182 204:

580 4276 661 4348 Quin
683 4279 776 4337 etiam
798 4298 867 4338 mea
889 4298 959 4340 eum
980 4281 1116 4340 tumulus
1138 4279 1309 4340 contexerit
1330 4299 1408 4340 ossa.

419 4458 467 4522 ef.
490 4460 586 4542 Prop.
611 4461 636 4525 I.
662 4462 714 4539 ΕΕ,
740 4466 780 4527 8:
811 4464 877 4526 «Tu
900 4465 995 4528 nullo
1018 4466 1133 4528 miseri
1158 4466 1308 4548 contegis
1332 4485 1409 4529 ossa
1433 4465 1537 4529 solo».
