3834 5492
399 691 436 745 30
772 714 814 758 an
833 713 979 759 aronam
997 714 1142 761 macras.

401 912 421 956 a
443 890 563 954 iuvene
586 910 691 973 usque
716 889 758 954 ad
781 893 988 955 senectutem
1011 891 1048 955 in
1072 892 1228 957 omnibus
1243 893 1312 957 lere
1328 892 1422 956 libris
1440 894 1517 958 suis.

400 1006 545 1071 Noverat
567 1009 724 1088 poemata
747 1006 819 1082 eius
843 1007 945 1069 etiam
969 1010 1084 1071 auctor
1108 1006 1231 1073 Culicis
1254 1008 1351 1074 nobis
1375 1010 1518 1091 ignotus.

445 1119 584 1203 Scripsit
606 1120 756 1186 carmina
778 1121 909 1186 iuvenis
941 1124 993 1202 (cf.
1018 1121 1055 1189 V.
1084 1124 1134 1189 15.
1161 1127 1242 1207 sqq.)
1274 1125 1360 1189 circa
1393 1144 1520 1190 annum

403 1237 454 1301 19.
480 1258 508 1301 a.
534 1236 609 1302 chr.
635 1258 667 1302 n.
692 1238 848 1303 Imitatur
872 1241 963 1305 enim
987 1240 1108 1305 Tibulli
1133 1242 1256 1323 elegias
1289 1242 1331 1306 ad
1362 1242 1520 1307 Nemesin

400 1353 617 1435 pertinentes,
651 1372 732 1436 quas
767 1374 884 1418 omnes
918 1358 996 1437 post
1029 1355 1165 1420 tertium
1199 1355 1363 1440 Propertii
1396 1356 1520 1420 librum

400 1487 490 1531 anno
514 1467 566 1531 PT.
592 1466 718 1532 editum
742 1469 881 1551 scriptas
905 1488 977 1533 esse
1002 1469 1175 1534 docuimus
1190 1471 1227 1535 in
1243 1471 1389 1536 editione
1405 1475 1520 1537 nostra

399 1579 615 1658 Tibulliana,¹
644 1583 795 1647 imitatur
825 1586 986 1666 praterea
1011 1584 1080 1649 Tib.
1113 1584 1155 1650 H.
1190 1588 1219 1651 5.
1253 1588 1304 1666 (cf.
1329 1586 1418 1651 infra
1442 1586 1516 1650 adn.

401 1696 443 1761 ad
465 1696 568 1780 Lygd.
592 1696 646 1762 IV.
672 1698 748 1778 Tb),
773 1718 872 1780 quam
896 1700 1038 1781 elegiam
1063 1720 1151 1765 anno
1176 1701 1244 1765 fere
1272 1702 1323 1767 TO.
1361 1702 1518 1784 scriptam

399 1834 471 1879 esse
504 1812 677 1878 docuimus
708 1811 876 1893 ibidem;¹
916 1815 1124 1898 Lygdamum
1151 1820 1264 1881 autem
1299 1822 1432 1881 secutus
1469 1821 1519 1881 est

400 1932 537 1998 Ovidius
560 1934 629 1996 iam
651 1932 723 1995 Am
748 1933 769 1995 L
795 1932 852 1995 ΠΙ.
879 1933 960 2015 eleg.
987 1934 1017 1997 9.
1041 1933 1088 2013 (in
1106 1933 1254 2015 epicedio
1270 1932 1403 2013 Tibulli)
1418 1934 1518 2015 paulo

400 2052 477 2135 post
505 2047 628 2112 Tibulli
651 2053 793 2112 mortem
816 2049 857 2128 (a.
886 2048 935 2112 19.
962 2069 989 2113 a
1016 2048 1089 2115 Ohr.
1116 2050 1162 2129 n.)
1195 2046 1342 2131 scripta⁸
1374 2051 1407 2112 et
1439 2048 1517 2112 alibi

399 2184 530 2247 quoque
553 2164 590 2227 in
612 2164 708 2228 libris
730 2165 898 2229 Amorum.

443 2280 574 2356 Auctor,
600 2300 675 2344 cum
697 2282 792 2345 uxori
815 2280 936 2345 Neaerae
960 2281 1109 2345 carmina
1142 2285 1295 2357 sacraret,
1329 2287 1416 2347 certe
1449 2302 1518 2346 non

400 2416 440 2460 eo
464 2396 605 2459 consilio
629 2396 752 2477 elegias
777 2398 917 2480 scripsit,
942 2400 981 2461 ut
1005 2418 1060 2463 eas
1077 2399 1197 2463 ederet
1221 2398 1390 2480 Legerunt
1404 2403 1518 2463 tamen

399 2530 515 2575 versus
539 2511 637 2575 amici
662 2514 743 2589 eius,
768 2514 858 2577 inter
874 2502 956 2597 quos
974 2512 1138 2590 Ovidium,
1164 2514 1329 2581 Messalla
1345 2516 1517 2593 cultorem,

399 2628 503 2691 fuisse
526 2629 580 2691 vel
603 2649 642 2692 ex
674 2650 713 2694 eo
745 2632 926 2696 verisimile
957 2630 1005 2709 fit,
1039 2632 1127 2715 quod
1158 2632 1348 2715 Lygdamus
1382 2636 1414 2696 et
1446 2632 1517 2714 ipse

400 2746 517 2829 procul
539 2742 640 2808 dubio
663 2745 705 2808 iis
728 2746 836 2827 poetis
861 2750 912 2811 est
936 2746 1215 2824 adnumerandus,
1241 2747 1298 2829 qui
1322 2748 1408 2811 circa
1430 2747 1517 2811 Mes·

400 2861 519 2925 sallom
552 2864 658 2925 erant.
689 2861 796 2925 Aliter
828 2862 918 2925 enim
950 2882 1020 2926 non
1052 2882 1231 2946 possumus
1264 2863 1433 2944 explicare,
1460 2884 1518 2927 cur

400 2976 548 3040 carmina
563 2971 644 3041 'eius
667 2977 883 3041 inveniantur
903 2978 941 3040 in
965 2998 1111 3059 corpore,
1138 2977 1226 3059 quod
1249 2979 1377 3055 dicitur,
1407 2978 1517 3044 Tibul·

398 3093 490 3157 liano
522 3093 610 3157 inter
641 3112 743 3174 opera
765 3092 895 3169 Tibulli,
921 3090 1077 3174 Sulpicia
1102 3095 1134 3156 et
1157 3094 1302 3157 auctoris
1325 3095 1518 3179 Panegyrici

399 3209 436 3273 in
458 3206 659 3287 Messallam,
685 3211 742 3293 qui
766 3230 882 3275 omnes
904 3210 1070 3275 Messallae
1094 3212 1237 3275 cultores
1269 3213 1405 3275 fuerunt
1437 3233 1516 3295 quo·

399 3344 539 3407 rumque
564 3345 665 3408 opera
688 3326 724 3389 in
748 3324 848 3390 domo
864 3326 1097 3390 Messallarum
1114 3330 1244 3391 servata
1261 3347 1334 3391 esse
1350 3328 1412 3392 viri
1429 3327 1517 3392 docti

398 3441 471 3505 iure
495 3443 716 3524 suspicantur.

444 3556 596 3638 Tempus,
621 3577 686 3640 quo
710 3558 859 3621 carmina
882 3558 953 3621 eius
982 3557 1111 3622 duobus
1138 3557 1255 3640 primis
1278 3558 1401 3624 Tibulli
1423 3558 1517 3622 libris

445 3788 455 3821 ¹
475 3787 515 3842 cf.
535 3804 565 3855 p.
583 3786 652 3841 338:
675 3786 809 3857 «Scripta
828 3789 897 3840 sunt
916 3785 1014 3854 elegire
1032 3786 1063 3839 in
1082 3786 1220 3841 Nemesin
1239 3804 1340 3841 omnes
1368 3790 1434 3855 post
1460 3790 1515 3840 ter·

399 3880 474 3933 tium
498 3878 643 3947 Propertii
669 3878 777 3932 librum
803 3894 828 3932 a.
849 3876 894 3933 PT.
912 3876 1032 3943 editum,
1051 3877 1134 3931 cuius
1153 3876 1221 3931 libri
1239 3878 1369 3933 carmina
1386 3877 1516 3933 Tibullus

400 3966 506 4038 sapius
534 3968 676 4033 imitatur,
703 3972 735 4021 ut
762 3967 793 4020 in
817 3967 883 4020 adn.
910 3982 989 4034 exeg.
1016 3966 1052 4019 ad
1070 3966 1111 4019 H.
1130 3966 1155 4019 4.
1174 3983 1232 4022 vss.
1253 3967 1374 4032 15-16,
1393 3966 1515 4031 a7—33;

399 4056 439 4110 Π.
458 4055 484 4111 6.
502 4073 545 4109 vs.
563 4056 596 4120 83
614 4056 654 4109 Π.
673 4056 698 4108 3.
717 4073 775 4110 vss.
793 4054 847 4121 47,
858 4055 911 4120 56,
924 4055 978 4119 57..
997 4054 1111 4108 71—76.
1130 4055 1299 4121 docuimus;
1318 4056 1409 4109 immo
1428 4057 1516 4109 etiam

400 4148 485 4215 Prop.
503 4145 559 4199 111.
578 4146 604 4199 5.
623 4148 652 4198 et
672 4146 713 4200 la.
732 4146 874 4209 imitatur,
893 4160 956 4212 qua
975 4143 1105 4197 carmina
1123 4144 1291 4213 Propertius
1310 4147 1412 4216 procul
1431 4145 1516 4199 dubio

400 4250 426 4288 a.
445 4234 488 4285 Pl.
507 4250 533 4287 a.
552 4233 619 4288 Chr.
637 4251 666 4287 n.
686 4234 812 4303 scripsit,
830 4250 897 4287 cum
909 4234 1059 4302 Augustus
1071 4233 1102 4285 in
1116 4232 1264 4285 Orientem
1277 4232 1517 4302 proficisceretur,

399 4326 432 4377 ut
451 4323 536 4391 signa
554 4325 652 4378 Orassi
670 4340 688 4377 a
705 4324 820 4377 Parthis
839 4325 975 4393 adempta
993 4325 1203 4392 recuperaret».

444 4408 456 4441 ²
475 4409 515 4464 cf.
535 4411 605 4467 edit.
623 4412 728 4467 Tibull.
747 4430 775 4482 p.
794 4412 856 4467 338.
875 4416 903 4467 et
922 4413 984 4465 340.

443 4498 455 4531 ³
474 4498 515 4553 (ll.
532 4500 609 4553 infra
626 4502 692 4555 adn.
712 4518 790 4571 exeg.
810 4502 845 4554 ad
864 4502 956 4571 Lygd.
976 4501 1047 4571 eleg.
1065 4500 1116 4556 IV.
1135 4500 1178 4555 43.
1197 4503 1225 4554 ot
1243 4498 1293 4554 VI.
1312 4498 1356 4551 41.
